3049 5048
1383 249 1465 310 43

308 439 549 498 storiam
596 433 1018 516 conscripsit1).
1068 435 1183 496 Sed
1226 452 1438 513 parum
1482 436 1756 497 accurate
1790 436 1914 499 hoe
1934 435 2099 497 illum
2128 437 2397 498 statuisse
2426 436 2543 513 iam

308 548 554 622 apparet
597 561 669 602 ex
713 541 856 601 actis
900 560 932 601 a
976 540 1170 601 Monio
1214 550 1406 621 nuper
1449 543 1635 604 editis.
1687 541 2087 651 jManifestum
2142 559 2213 602 ex
2268 541 2380 602 illis
2436 549 2541 611 est,
2623 580 2630 586 -

311 668 379 711 eo
437 666 590 708 anno
649 665 769 707 non
821 647 1149 707 institutum
1207 665 1334 710 esse
1387 650 1701 720 sonticum,
1769 649 1872 709 sed
1937 649 2311 726 magistratus
2367 647 2547 709 fuisse

236 773 255 784 ‘
310 756 558 825 electoS,
614 755 714 832 qui
769 753 822 813 ei
874 759 1216 830 praeessent
1229 751 1294 831 2).
1395 753 1483 815 Ex
1537 755 1651 816 hoc
1695 736 1901 816 autem
1955 754 2308 814 documento
2352 771 2546 833 neque

307 861 453 924 illud
500 859 772 922 concludi
812 866 1073 938 poterat,
1120 859 1279 938 quod
1320 859 1580 923 Marinus
1625 871 1682 927 et
1723 863 1817 926 alii
1848 858 2290 930 concludebant,
2338 860 2547 921 eodem

311 986 464 1030 anno
509 968 795 1028 sonticum
840 984 968 1029 esse
1010 966 1367 1037 institutum,
1413 985 1608 1048 neque
1650 970 1825 1039 illud,
1882 970 1998 1032 hoc
2040 985 2194 1030 anno
2238 970 2546 1047 primum

310 1075 492 1136 fuisse
535 1071 666 1132 illos
710 1074 1084 1152 magistratus
1129 1073 1366 1138 electoS.
1457 1077 1697 1139 Certum
1740 1074 1883 1137 nihil
1929 1081 2044 1145 est,
2089 1075 2201 1136 nisi
2243 1075 2358 1136 hoc
2399 1081 2547 1135 tem-

309 1199 459 1260 pore
502 1197 779 1260 magnum
825 1185 1107 1241 statutum
1151 1199 1185 1241 a
1230 1182 1449 1244 Senatu
1489 1185 1727 1262 editum
1782 1200 1942 1252 esse,
2006 1183 2333 1244 secundum
2389 1183 2550 1262 quod

310 1305 410 1348 res
453 1285 772 1367 pleraeque
813 1288 875 1345 in
917 1286 1136 1346 sontico
1179 1287 1296 1348 iam
1340 1288 1599 1350 ordinari
1643 1287 1954 1351 debebant.
2029 1288 2147 1349 Sed
2177 1288 2292 1349 iam
2320 1287 2549 1349 Monius

313 1393 471 1454 aliud
515 1393 738 1455 addidit
759 1381 1227 1475 documentum,
1275 1412 1347 1454 ex
1391 1413 1510 1472 quo
1555 1396 1840 1457 sonticum
1882 1394 2381 1456 Theotonicorum
2431 1395 2548 1455 iam

312 1519 364 1560 a.
419 1500 578 1560 1242
623 1501 687 1560 in
729 1517 841 1561 usu
883 1500 1063 1560 fuisse
1106 1506 1352 1577 apparet
1364 1495 1429 1579 3).
1519 1501 1710 1563 Etiam
1752 1493 1900 1562 vero
1935 1498 2169 1579 longius
2214 1499 2339 1561 eius
2387 1499 2547 1577 prin-

316 1608 463 1687 cipia
506 1606 713 1668 reduci
753 1623 930 1684 posse
975 1624 1047 1666 ex
1090 1603 1444 1665 documento
1488 1604 1757 1682 sequenti
1800 1607 2060 1680 apparet.

571 1707 721 1769 Ann.
773 1710 955 1772 1223.

401 1813 890 1878 Recordationem
934 1817 1180 1878 facimus
1221 1835 1332 1878 nos
1376 1817 1615 1897 quidem
1658 1815 1722 1876 P.
1772 1815 1930 1876 Ziani
1976 1815 2071 1877 dei
2114 1816 2309 1894 gracia
2336 1816 2549 1877 Venec.

403 1921 521 1983 dux
566 1929 676 1983 etc.
724 1941 860 1983 cum
901 1929 1104 1984 nostro
1149 1922 1391 1985 consilio
1445 1923 1520 1984 de
1574 1921 1687 1982 illis
1741 1919 1907 1982 libris
1951 1921 2061 1982 CL.
2118 1939 2348 1992 veneo„
2407 1940 2552 2000 quas

403 2019 649 2089 fecimus
694 2026 820 2088 dari
863 2029 1155 2089 dominico
1198 2025 1478 2108 pampulo
1523 2033 1727 2089 nostro
1782 2025 1979 2105 legato
2031 2027 2105 2087 ad
2164 2028 2427 2090 eundum
2480 2028 2553 2088 ad

401 2151 605 2213 regem
647 2133 903 2212 Ungarie
955 2151 1067 2212 pro
1119 2133 1528 2213 recuperando
1583 2132 1804 2195 hahere
1864 2150 1977 2211 pro
2046 2131 2272 2194 alberto
2339 2131 2554 2194 donato

404 2239 669 2309 aurifice,
717 2240 875 2318 quod
918 2240 1110 2301 fuerat
1155 2241 1237 2302 eis
1281 2240 1542 2303 ablatum
1584 2242 1645 2301 in
1689 2240 1957 2320 partibus
2012 2239 2153 2312 illis,
2209 2240 2310 2302 tali
2352 2239 2550 2321 modo,

406 2345 563 2423 quod
620 2345 670 2405 si
721 2345 849 2424 ipse
901 2345 1128 2426 legatus
1183 2346 1401 2409 dictum
1457 2348 1679 2429 hahere
1731 2353 2113 2424 recuperaret
2166 2345 2258 2409 vel
2302 2344 2555 2424 aliquam

404 2459 662 2532 partem,
710 2450 869 2532 quod
913 2451 987 2512 de
1028 2452 1157 2533 ipso
1200 2452 1423 2516 habere
1467 2455 1622 2516 dicte
1663 2454 1820 2516 libre.
1857 2453 1967 2514 CL.
2016 2448 2314 2513 communi
2342 2447 2554 2510 Venec.

407 2561 789 2622 restituantur
834 2565 943 2620 etc.
1035 2558 1274 2641 [Postea
1318 2562 1655 2644 scriptum]
1701 2562 1769 2623 In
1810 2568 2079 2640 tempore
2123 2557 2290 2618 ducis
2318 2555 2397 2617 Ia.
2429 2563 2556 2616 teu-

407 2668 558 2748 puli,
604 2683 808 2729 mense
837 2664 964 2727 Iun.
996 2663 1177 2727 Indic.
1208 2666 1331 2727 ΗΠ.
1378 2668 1618 2730 fuerunt
1660 2666 1850 2729 solute
1893 2665 1990 2727 ille
2031 2664 2181 2726 libre
2213 2663 2324 2724 CL.
2355 2668 2559 2723 nostro

409 2776 781 2836 communia
823 2772 1316 2834 vicedominis
1359 2774 1630 2835 fontici
1679 2774 1745 2835 P.
1793 2772 2107 2834 Contareni
2160 2765 2339 2832 de'S.
2384 2768 2559 2848 Apol-

411 2882 582 2974 linari
627 2888 686 2943 et
727 2879 803 2941 M.
853 2878 1134 2942 Cornario
1179 2878 1263 2940 de.
1284 2880 1342 2941 S.
1372 2877 1712 2957 Apollinari,
1759 2880 1859 2958 qui
1904 2897 2002 2940 eas
2045 2877 2337 2939 dederunt
2376 2874 2561 2936 verbo

410 2990 629 3051 domini
674 2987 840 3049 ducis
885 2992 943 3047 et
987 2984 1211 3046 consilii
1254 2984 1451 3046 Marco
1497 2985 1837 3047 Cremisano
1854 2981 1919 3064 4).

495 3096 583 3158 Ex
622 3096 741 3157 hoc
783 3094 962 3171 igitur
1006 3091 1359 3153 documento
1382 3093 1582 3171 patet,
1628 3108 1748 3150 non
1792 3088 1985 3170 solum
2028 3090 2145 3150 iam
2189 3107 2240 3149 a.
2289 3086 2439 3147 1231
2496 3087 2565 3166 (is

328 3201 484 3262 enim
542 3219 730 3262 annus
784 3206 873 3260 est
924 3198 1261 3261 Indictionis
1316 3197 1408 3260 IV.
1464 3197 1679 3259 Iacobo
1732 3194 1976 3273 Tiepolo
2042 3194 2211 3275 duce)
2279 3193 2566 3254 exstitisse

328 3308 630 3378 fonticum,
676 3307 781 3369 sed
827 3306 1001 3367 etiam
1042 3305 1419 3385 magistratus
1461 3302 1968 3365 vicedominorum
2011 3301 2249 3360 nomine
2293 3301 2407 3359 iam
2439 3305 2566 3359 tum

331 3414 384 3475 ei
426 3414 765 3493 praefuisse.
856 3411 1051 3482 Quum
1094 3419 1291 3475 autem
1333 3412 1395 3473 in
1447 3409 1563 3471 hoc
1617 3409 1972 3471 documento
2029 3413 2232 3468 nostro
2288 3405 2405 3466 duo
2458 3402 2567 3464 soli

473 3735 522 3801 1)
558 3736 805 3798 Marin,
845 3734 1031 3786 Stoi-ia
1065 3734 1155 3785 del
1191 3734 1519 3785 commercio
1544 3733 1760 3784 Veneto
1784 3732 1850 3783 V.
1884 3729 1996 3781 181.

468 3825 522 3890 2)
559 3827 721 3877 Mone
757 3823 859 3876 1.1.
896 3840 1026 3891 pag.
1060 3822 1110 3875 6.
1147 3851 1214 3862 —
1247 3825 1299 3875 d.
1337 3822 1420 3875 30.
1455 3823 1615 3890 April
1652 3821 1800 3873 1268.
1873 3823 2012 3882 Bai-s
2050 3820 2157 3870 fuit
2196 3823 2379 3884 capta,
2431 3818 2574 3896 quod

335 3913 469 3980 eligi
505 3915 748 3965 debeant
782 3918 897 3965 tres
941 3912 1304 3975 vicedomini,
1366 3911 1459 3977 qui
1505 3915 1658 3961 stare
1704 3911 1951 3961 debeant
1998 3911 2056 3959 in
2103 3910 2314 3962 sontico
2366 3914 2423 3959 et
2467 3910 2573 3959 duo

335 4002 619 4070 scribani„
935 3983 939 3988 ⁶
1783 4035 1794 4050 .

468 4089 521 4155 3)
558 4093 722 4143 Mone
756 4090 793 4143 1.
833 4092 869 4143 1.
907 4107 1037 4159 pag.
1065 4090 1114 4142 6.
1152 4118 1219 4129 —-
1254 4091 1305 4143 d.
1332 4090 1417 4142 20.
1443 4090 1581 4155 Maj.
1610 4089 1757 4139 1242.

469 4177 522 4243 4)
558 4179 731 4230 Liber
752 4180 1071 4247 Plegiorum
1103 4180 1261 4233 Num.
1288 4179 1406 4232 270.
1446 4179 1708 4256 Ceterum
1733 4177 1994 4232 conferas
2019 4177 2405 4230 documentum
2432 4172 2573 4241 quod

336 4268 585 4323 dedimus
618 4285 748 4339 pag.
779 4269 860 4325 17.
