3049 5048
1424 276 1501 336 31

339 460 566 518 cariora
614 459 962 530 evadebant,
1024 459 1107 520 illi
1153 480 1389 540 quoque
1449 463 1697 524 eandem
1754 464 2050 524 licentiam
2109 462 2456 523 obtinebant
2502 498 2572 507 —

338 569 404 622 ut
462 563 800 642 ubicunque
857 567 917 625 in
977 566 1068 625 his
1125 567 1307 629 rebus
1365 555 1548 630 mera*
1589 567 2026 648 privilegiorum
2073 569 2392 631 certamina
2440 588 2577 648 cog-

338 686 567 730 noscas,
1044 683 1051 691 ·

507 776 779 839 Inserere
823 779 919 840 hic
947 780 1104 840 iuvat
1133 781 1552 847 documentum
1602 782 1898 862 quoddam
1925 779 1998 842 ad
2029 782 2391 842 Austriacam
2422 800 2577 842 mer-

342 890 605 942 caturam
634 886 966 960 pertinenS,
1015 905 1131 965 quo
1162 893 1287 947 tum
1318 889 1467 948 ratio
1500 889 1902 967 cognoscitur,
1951 907 2065 968 qua
2110 887 2374 966 singulus
2418 890 2576 965 quis-

343 1008 458 1067 que
501 1008 619 1050 non
663 991 986 1053 sufficiente
1029 993 1263 1069 publica
1307 997 1621 1056 securitate
1662 995 1841 1055 rebus
1884 995 2005 1054 suis
2048 995 2173 1071 ipse
2206 994 2579 1059 consulebam

343 1102 470 1156 tum
527 1098 1076 1168 mercimoniorum,
1133 1118 1283 1179 quae
1339 1100 1689 1180 plerumque
1744 1102 1805 1160 in
1850 1106 2113 1162 mercatu
2171 1107 2365 1170 erant,
2409 1100 2580 1178 quasi

344 1206 642 1283 specimen
687 1206 1056 1283 proponitur.

1925 1312 2054 1364 1419
2093 1312 2143 1363 a.
2184 1310 2263 1362 19.
2300 1312 2440 1377 Aug.

574 1379 802 1492 pam}
2173 1381 2177 1384 ⁴

605 1484 751 1545 Cum
796 1486 872 1545 sit
914 1487 1149 1565 quidam
1187 1487 1487 1548 Johannes
1533 1488 1722 1549 hoder
1765 1493 2059 1548 mercator
2105 1487 2177 1546 de
2210 1483 2582 1545 Salzisburch

439 1591 536 1669 qui
579 1590 753 1650 vellet
795 1588 931 1651 hinc
978 1593 1287 1654 extrahere
1335 1593 1655 1654 deferendo
1713 1612 1819 1670 per
1862 1595 2014 1653 viam
2067 1586 2309 1671 civitatis
2352 1591 2584 1652 Austrie

439 1694 718 1776 Forojulii
763 1699 1018 1773 specieS,
1064 1698 1332 1760 videlicet
1375 1718 1590 1778 peper,
1637 1699 1927 1769 zinziber,
1987 1699 2355 1768 zafaranum‚
2405 1699 2584 1758 comi-

440 1820 583 1861 num
627 1819 914 1879 saponum
960 1808 1016 1864 et
1059 1803 1394 1864 bombicem
1439 1803 1512 1863 ad
1552 1803 1808 1864 valorem
1853 1804 1985 1864 duc.
2034 1805 2071 1891 ’,ξ’
2115 1822 2223 1881 per
2255 1805 2586 1865 conducere

443 1908 832 1979 SalcisboreS,
894 1918 952 1970 et
996 1910 1327 1971 conducere
1371 1910 1489 1971 huc
1533 1928 1642 1987 per
1687 1910 1901 1970 dictam
1944 1910 2096 1969 viam
2138 1928 2353 1988 panos,
2400 1908 2585 1979 tellaS,

443 2015 717 2086 terlisiaS,
763 2016 979 2085 fillum,
1027 2034 1238 2076 aurum
1284 2022 1341 2075 et
1383 2024 1721 2093 argentum,
1770 2014 1844 2074 ob
1885 2015 2038 2093 quod
2074 2034 2208 2075 cum
2239 2015 2452 2076 habeat
2479 2034 2589 2094 per

443 2123 701 2183 medium
747 2122 967 2183 domini
996 2120 1436 2199 Archiepiscopi
1480 2121 1554 2182 de
1599 2098 1934 2200 Salcisborg
1964 2120 2187 2181 salvum
2234 2121 2588 2181 conductum

444 2229 783 2290 Patriarche
837 2226 1137 2305 Aquilegie
1196 2227 1269 2287 de
1331 2218 1626 2305 possendo
1679 2228 1929 2287 transire
1986 2245 2121 2287 cum
2176 2227 2344 2287 dictis
2388 2227 2587 2295 rebuS‚

446 2338 591 2414 petit
644 2337 816 2396 etiam
872 2351 1031 2394 nunc
1087 2327 1309 2394 salvum
1366 2335 1723 2395 conductum
1778 2322 2056 2411 pos'sendi
2098 2332 2236 2393 hinc
2282 2333 2591 2394 extrahere

450 2448 508 2501 et
550 2441 667 2502 huc
712 2439 1072 2507 conducere,
1120 2445 1185 2498 ut
1229 2439 1451 2501 dictum
1495 2449 1616 2511 est,
1675 2439 2071 2518 promittendo
2117 2439 2191 2498 de
2234 2438 2414 2498 rebus
2456 2455 2591 2516 pre-

448 2546 802 2608 dictisnichil
815 2546 1107 2606 dimittere
1136 2546 1196 2605 in
1226 2548 1492 2623 partibus
1522 2546 1803 2628 Forojulii
1835 2547 2026 2607 dando
2057 2546 2275 2606 bonam
2303 2545 2437 2604 fidei
2458 2543 2582 2623 jus-

451 2655 677 2714 sionem
709 2653 781 2713 de
813 2651 1180 2712 observantia
1210 2651 1362 2713 dicte
1390 2654 1797 2732 promissionis
1838 2690 1903 2698 —
1941 2653 2109 2713 Vadit
2130 2669 2287 2729 pam,
2321 2667 2454 2710 cum
2479 2648 2594 2707 hoc

453 2759 620 2820 cedat
648 2760 720 2819 ad
750 2759 974 2819 bonum
1003 2763 1163 2818 terre
1190 2765 1392 2819 nostre
1424 2767 1479 2820 et
1522 2759 1899 2820 commodum
1933 2764 2332 2819 mercatorum
2363 2762 2596 2815 nostro-

453 2884 612 2935 rum,
645 2865 751 2942 qui,
777 2864 1093 2942 expediunt
1124 2883 1331 2925 eorum
1363 2863 1483 2944 (sic)
1516 2866 1928 2935 mercationeS,
1963 2866 2122 2944 quod
2156 2865 2310 2924 dicto
2341 2862 2597 2924 Johanni
2629 2905 2634 2914 .

453 2972 640 3032 hoder
683 2972 783 3031 fiat
827 2976 885 3031 et
929 2970 1286 3031 concedatur
1331 2968 1522 3029 salvus
1568 2969 1893 3030 conductus
1938 2971 2088 3031 sicut
2116 2973 2290 3049 petit,
2337 2970 2597 3030 duranti-

426 3079 565 3156 bus
610 3079 799 3138 tribus
843 3095 950 3137 ms,
1015 3083 1072 3137 et
1125 3075 1390 3136 similiter
1435 3076 1793 3139 concedatur
1838 3076 2287 3155 quibuscunque
2331 3076 2456 3136 aliis
2501 3075 2600 3154 qui

455 3184 670 3245 vellent
712 3183 850 3242 hinc
896 3182 1205 3243 extrahere
1258 3182 1610 3242 mercantias
1663 3188 1719 3241 et
1776 3181 1891 3241 huc
1950 3182 2283 3242 conducere
2328 3182 2400 3241 de
2446 3199 2600 3240 mer-

458 3291 661 3351 cantiis
705 3290 842 3349 suis.
933 3286 1170 3348 Solvent
1213 3286 1486 3348 omnibus
1530 3287 1810 3366 predictis
1854 3288 2008 3349 datia
2053 3295 2331 3350 consueta
2370 3287 2602 3366 predic·

458 3397 532 3455 tis
577 3393 1034 3455 mercationibus
1051 3391 1116 3474 l).
1967 3388 1976 3394 ”

627 3503 711 3564 De
753 3508 921 3580 parte
971 3502 1107 3562 101.
1197 3499 1281 3563 De
1325 3519 1445 3562 non
1491 3519 1545 3560 o.
1636 3496 1971 3590 Nonus'ync.
2019 3519 2072 3560 0.

548 3808 742 3878 Quum
783 3806 975 3868 adhuc
1005 3807 1079 3867 de
1122 3807 1192 3866 iis
1221 3805 1564 3884 regionibus
1605 3803 1786 3865 locuti
1828 3804 2040 3873 simuS,
2088 3821 2238 3882 quae
2283 3803 2447 3881 quasi
2488 3804 2608 3881 pri-

320 3899 327 3906 ’
377 3932 540 3975 mum
585 3915 645 3973 in
688 3933 755 3974 re
799 3919 998 3973 nostra
1030 3912 1296 3972 ordinem
1339 3916 1815 3990 repraesentant,
1861 3915 1988 3969 tum
2025 3906 2293 3969 locorum
2325 3910 2612 3969 vicinitate

376 4028 503 4081 tum
546 4020 863 4098 praecipua
906 4019 967 4078 in
1011 4017 1587 4079 rebusmercatoriis
1618 4016 1993 4084 auctoritate,
2041 4022 2312 4091 superest
2355 4016 2501 4083 iam,
2549 4021 2614 4075 ut

519 4290 568 4353 l)
615 4289 928 4340 Deliberat.
980 4288 1237 4339 Senatus·
1286 4287 1468 4337 Mixta
1511 4285 1584 4337 ad
1626 4301 1678 4337 a.
1718 4285 1868 4335 1419.
