3049 5048
1531 284 1612 344 24

632 481 740 542 Rei
785 486 977 540 autem
1023 483 1231 536 natura
1276 471 1557 540 efficitur,
1606 476 1669 530 ut
1711 470 1784 528 de
1828 465 2163 527 huiusmodi
2217 462 2398 524 rebus
2448 462 2705 521 rariores

463 590 634 674 nobis
680 586 924 648 affluant
966 582 1232 650 notitiae,
1279 578 1381 640 ubi
1424 595 1533 637 suo
1577 574 1783 637 ordine
1812 573 1938 632 sine
1966 569 2157 631 turbis
2189 576 2247 630 et
2274 567 2706 647 impedimentis

466 712 734 774 quaeque
778 689 1135 769 procedunt,
1182 684 1613 763 frequentiores
1660 685 1863 740 contra
1903 684 2031 737 tum
2072 675 2242 736 nobis
2291 673 2704 753 praebeantur,

466 817 648 877 quum
705 801 948 892 propter
1003 800 1340 871 temporum
1392 790 1790 867 iniquitatem,
1838 783 2183 850 seditioneS,
2241 778 2392 840 bella
2435 777 2706 838 intestina

467 903 679 966 aliasve
725 911 960 964 caussas
1004 897 1377 961 incommoda
1407 895 1590 957 multa
1622 900 1680 954 et
1711 888 2048 952 commercii
2076 884 2548 964 perturbationes
2577 899 2708 942 nas-

473 1018 697 1072 cantur.
744 1010 1078 1085 Interrupta
1120 1013 1248 1065 tum
1291 1002 1650 1080 scriptorum
1694 997 1766 1057 de
1810 996 1901 1056 his
1957 992 2137 1053 rebus
2202 987 2411 1050 silentii
2464 1005 2708 1048 consue-

467 1117 641 1185 tudo,
689 1121 860 1175 aucta
904 1115 1394 1175 documentorum
1440 1106 1624 1184 copia.
1712 1101 2004 1163 Nimirum
2046 1095 2444 1164 stomachum,
2489 1100 2557 1154 ut
2584 1094 2709 1171 qui-

469 1223 604 1284 dam
649 1223 757 1292 ait,
805 1240 868 1282 se
911 1218 1134 1281 habere
1176 1233 1296 1276 non
1341 1213 1542 1282 sentit,
1588 1209 1701 1270 nisi
1746 1207 1840 1268 cui
1884 1204 2160 1283 impedita
2207 1207 2295 1263 est
2338 1200 2602 1278 digestio,

552 1322 557 1325 ’
636 1325 985 1388 Huiusmodi
1043 1329 1239 1392 autem
1294 1318 1506 1379 turbae
1561 1316 1899 1392 frequentes
1954 1308 2280 1371 admodum
2315 1307 2587 1369 incidisse
2628 1307 2711 1367 vi-

470 1435 685 1494 dentur
731 1430 887 1491 circa
930 1431 1189 1492 medium
1233 1430 1359 1489 fere
1403 1421 1530 1483 XIV
1575 1417 1893 1481 saeculum.
1970 1416 2132 1487 Quae
2172 1421 2332 1475 arcte
2360 1415 2488 1474 sine
2533 1412 2713 1475 dubio

470 1541 791 1601 cohaerent
846 1555 980 1598 cum
1025 1536 1216 1597 turbis
1262 1528 1557 1598 civilibus,
1614 1543 1764 1605 quae
1822 1529 1955 1601 post
2000 1529 2058 1583 et
2099 1523 2216 1582 iam
2261 1531 2395 1584 ante
2438 1523 2715 1584 Ludovici

458 1638 853 1723 'Imperatoris
907 1646 1160 1702 mortem
1219 1635 1427 1717 (1347)
1482 1633 1824 1694 universum
1853 1629 2192 1706 imperium
2251 1630 2712 1690 commovebant.

474 1747 977 1829 Frequentissima
1042 1742 1136 1802 his
1211 1741 1378 1799 annis
1439 1743 1809 1800 mercaturae
1884 1734 2399 1814 Norimbergensis
2476 1736 2718 1814 eiusque

388 1865 393 1870 ’
472 1856 987 1939 perturbationum
1041 1849 1101 1906 in
1160 1846 1303 1917 actis
1364 1846 1615 1907 Senatus
1673 1841 1874 1901 Veneti
1933 1841 2169 1901 mentio.
2216 1841 2422 1921 Neque
2465 1842 2715 1911 mirum;

478 1965 662 2026 feroci
708 1964 864 2023 enim
910 1953 1285 2017 contentione
1329 1951 1523 2012 omnia
1566 1955 1708 2009 tunc
1753 1944 2185 2016 miscebantur3
2243 1946 2393 2007 duae
2447 1948 2600 2009 inter
2656 1959 2720 2010 se

384 2098 387 2099 ⁷
479 2070 762 2132 factiones
809 2066 881 2126 de
911 2060 1160 2139 imperio
1193 2054 1511 2119 obtinendo
1544 2051 1924 2123 dimicabant,
1972 2051 2492 2126 alteraBavarica,
2538 2054 2721 2117 altera

478 2171 797 2233 Bohemica
841 2167 932 2226 vel
976 2149 1549 2243 [uxemburgensis3
1596 2161 1721 2220 vivo
1767 2159 1961 2220 adhuc
2014 2158 2309 2220 Ludovico
2364 2161 2721 2241 imperatore

482 2275 815 2338 saevissima
847 2291 954 2350 per
997 2278 1181 2331 totam
1225 2268 1506 2330 Tiroliam
1553 2263 1802 2343 proelia3
1828 2262 1869 2345 1)
1917 2283 2054 2325 mox
2099 2283 2169 2325 eo
2201 2264 2476 2327 defuncto
2507 2269 2569 2328 in
2595 2269 2720 2346 ipsa

482 2384 710 2445 civitate
754 2377 1238 2456 Norimbergensi
1283 2375 1439 2437 acria
1483 2371 1580 2433 illa
1624 2373 1777 2433 inter
1821 2369 2049 2430 nobiles
2080 2377 2137 2431 et
2174 2371 2364 2432 tribus
2408 2371 2723 2451 populares

483 2488 803 2553 certamina
850 2481 1056 2566 (1348)
1090 2502 1104 2554 ;
1161 2482 1449 2544 accedunt
1491 2479 1647 2541 bella
1701 2479 1855 2539 inter
1902 2477 2171 2538 comitem
2217 2476 2720 2559 Wfirtenbergen-

432 2595 435 2600 ’
483 2615 610 2658 sem
669 2600 727 2655 et
782 2591 1093 2668 civitatum!
1124 2588 1505 2649 Suevicarum
1566 2586 1775 2647 foedus
1829 2603 1983 2645 anno
2028 2586 2296 2663 sequenti
2342 2593 2569 2657 exorta,
2616 2605 2725 2647 nec

485 2704 683 2764 minus
725 2696 852 2767 illa,
900 2713 1051 2774 quae
1096 2693 1306 2754 eodem
1348 2699 1618 2773 tempore
1662 2692 1936 2753 Helvetiis
1980 2690 2254 2752 Albertus
2297 2693 2564 2753 Austriae
2608 2693 2727 2754 dux

484 2804 680 2866 intulit
717 2838 787 2847 —-
825 2802 1078 2881 denique
1121 2808 1242 2861 tota
1286 2801 1559 2879 superior
1604 2798 1916 2859 Germania
1960 2799 2132 2859 unico
2178 2798 2434 2876 quodam
2476 2798 2615 2860 belli
2658 2819 2727 2860 ac

486 2911 789 2973 seditionis
854 2895 1093 2969 turbine
1158 2905 1464 2967 videbatur
1534 2910 1825 2983 correpta.
1880 2904 1965 2964 Ita
2022 2904 2202 2966 rebus
2258 2923 2322 2966 se
2373 2904 2728 2967 habentibus

488 3016 618 3076 fieri
675 3033 794 3075 non
840 3017 1067 3093 potuit,
1127 3014 1268 3092 quin
1325 3018 1695 3075 mercaturae
1739 3029 1974 3089 quoque
2017 3009 2404 3089 tranquillitas
2448 3012 2730 3090 infringe-

486 3126 680 3190 retur;
727 3137 838 3180 nec
880 3119 1098 3200 legum,
1144 3139 1256 3181 nec
1299 3117 1737 3197 privilegiorum
1794 3118 1913 3179 ulla
1971 3117 2219 3195 amplius
2274 3118 2421 3178 ratio
2478 3118 2729 3180 habetur

495 3262 558 3271 —
598 3228 654 3287 vi
700 3232 909 3287 cuncta
955 3231 1226 3303 aguntur.
1272 3223 1476 3304 Itaque
1519 3224 2022 3302 frequentissimas
2060 3222 2153 3283 his
2196 3224 2361 3283 annis
2405 3224 2731 3285 invenimus

489 3333 847 3394 Venetorum
904 3331 976 3392 de
1032 3330 1330 3392 mercibus
1384 3330 1627 3409 direptis
1683 3327 2047 3410 que1·elaS.²)
2148 3328 2317 3390 Anno
2380 3328 2541 3390 1346
2609 3336 2731 3391 tres
2795 3405 2802 3413 ·

491 3445 795 3526 senatores
839 3438 1176 3516 deliguntur
1193 3485 1210 3509 ,
1258 3438 1358 3516 qui

578 3562 798 3622 „super
814 3544 964 3609 facto
979 3542 1269 3604 baliarum
1299 3551 1356 3604 et
1385 3544 1816 3605 mercationum
1846 3548 2186 3603 nostrorum
2199 3540 2457 3604 fidelium
2482 3549 2732 3604 arresta-

575 3656 772 3712 tarum
795 3649 857 3709 in
886 3647 1277 3729 Norimbergo
1305 3657 1363 3711 et
1385 3667 1567 3729 super
1597 3650 1749 3710 facto
1776 3648 2158 3728 inpedimenti
2183 3653 2363 3710 strate
2393 3647 2731 3711 Alemanie“

495 3929 589 3994 qui
624 3927 920 3993 Aquilejae
957 3930 1252 3993 quotannis
1285 3930 1638 3981 habebantur
1675 3931 1754 3994 (in
1790 3930 1987 3995 quibus
2032 3929 2372 3979 zaffaranum
2406 3930 2736 3994 praesertim

494 4033 695 4069 venum
732 4017 876 4080 ibat)
914 4017 1138 4068 saeculo
1173 4017 1303 4067 XIV
1330 4018 1579 4069 adibant.
1654 4020 1787 4069 Inde
1823 4019 1995 4070 facile
2030 4020 2087 4069 in
2136 4018 2358 4069 Italiam
2406 4018 2733 4084 pergebant.

494 4107 641 4158 Roth
665 4106 702 4157 l.
730 4106 767 4156 l.
795 4107 838 4156 I.
866 4124 918 4172 p.
946 4106 1029 4158 43.

632 4195 683 4261 1)
714 4197 758 4247 P
776 4195 877 4246 elz
897 4197 984 4260 el,
1013 4198 1218 4247 Kaiser
1241 4196 1379 4246 Karl
1404 4197 1482 4246 IV
1508 4198 1551 4245 Ι.
1578 4215 1631 4261 p.
1664 4196 1777 4246 172.

629 4285 682 4351 2)
708 4286 1020 4337 Deliberat.
1050 4286 1306 4338 Senatus·
1356 4287 1537 4338 Mixta
1560 4287 1714 4337 Tom.
1743 4285 1932 4336 XXIII
1958 4287 2016 4334 et
2040 4299 2155 4349 seq.
