3049 5048
1382 287 1462 348 23

312 472 449 531 inde
491 472 863 550 acquisivisse
894 471 1117 532 divitias
1160 470 1379 544 narrat,
1425 481 1490 535 ut
1535 494 1585 535 a.
1640 472 1798 535 1276
1843 475 2095 536 Rudolfo
2127 477 2171 537 Ι.
2195 476 2544 555 Imperatori
2607 452 2613 459 Ι

314 595 586 655 magnam
628 580 910 655 pecuniae
954 598 1244 639 summam
1289 586 1554 641 mutuam
1598 579 1740 639 dare
1768 588 1984 657 posset.
2005 579 2045 661 ¹)
2093 583 2166 643 Et
2208 585 2333 644 sine
2363 583 2545 644 dubio

315 685 520 745 eadem
576 685 671 745 hic
724 685 1030 745 statuenda
1085 692 1249 755 sunt,
1307 703 1455 762 quae
1510 691 1680 745 antea
1737 703 1972 764 quoque
2024 689 2330 764 probanda
2375 689 2545 750 nobis

314 791 698 868 sumpsimus,
753 790 927 869 longe
982 790 1202 852 scilicet
1256 792 1417 851 initia
1461 799 1829 854 mercaturae
1885 794 2545 855 Germanico-Venetae

313 904 448 958 ante
492 916 620 959 esse
664 896 1015 976 quaerenda,
1064 915 1239 975 quam
1283 898 1590 957 manifesta
1633 918 1790 961 nunc
1836 906 2063 960 exstant
2107 900 2457 960 documenta
2489 906 2548 961 et

314 1023 489 1083 quam
532 1004 829 1082 plerisque
871 1004 1158 1064 videntur.
1233 1002 1623 1082 Norimberga
1666 1011 1860 1066 autem
1905 1003 1979 1064 ab
2023 1005 2185 1064 initio
2219 1004 2355 1065 inde
2386 1024 2543 1064 sum-

313 1129 469 1169 mam
514 1111 599 1169 rei
642 1111 701 1167 in
745 1110 1027 1170 industria
1074 1116 1132 1170 et
1174 1116 1505 1170 mercatura
1549 1112 1773 1188 posuit;
1821 1113 1947 1191 ipsa
1992 1112 2116 1188 agri
2160 1110 2433 1170 sterilitas
2476 1129 2545 1171 eo

314 1216 466 1276 cives
510 1215 736 1275 induxit
780 1215 1102 1293 eademque
1146 1217 1362 1285 effecit,
1410 1224 1475 1276 ut
1518 1235 1657 1276 mox
1691 1235 1723 1277 a
1754 1216 2050 1295 plerisque
2093 1217 2548 1294 imperatoribus

312 1319 626 1399 privilegiis
671 1322 1030 1383 donarentur
1075 1321 1149 1381 de
1193 1328 1527 1383 mercatura
1579 1323 1641 1382 in
1698 1323 1967 1401 plurimis
2010 1324 2240 1401 imperii
2283 1323 2547 1400 partibus

315 1427 658 1488 exercenda.
673 1425 718 1507 2)
784 1427 851 1487 In
896 1426 1020 1486 dies
1062 1445 1201 1487 vero
1246 1428 1432 1505 magis
1477 1429 1658 1488 crevit
1702 1447 1908 1489 eorum
1938 1429 2255 1489 auctoritas
2301 1435 2358 1488 et
2401 1446 2546 1506 opu-

313 1532 514 1601 lentia,
573 1551 643 1593 ex
700 1552 817 1612 quo
870 1535 1129 1612 primum
1186 1539 1509 1609 coeperunt
1567 1534 1809 1593 orientis
1864 1536 1922 1593 et
1987 1533 2163 1594 Italae
2227 1534 2549 1594 industriae

314 1639 610 1699 mercibus
655 1658 725 1699 ex
770 1638 1246 1700 meridionalibus
1291 1638 1632 1716 regionibus
1662 1638 1734 1697 ad
1765 1639 2250 1717 septentrionales
2281 1658 2344 1700 se
2367 1641 2547 1700 inter-

314 1762 564 1822 ponere,
612 1747 1003 1823 propriaeque
1045 1744 1364 1805 industriae
1409 1745 1738 1820 artiumque
1781 1761 1961 1822 opera
2014 1742 2152 1804 illuc
2199 1744 2547 1805 conducere.

315 1850 457 1911 Inde
499 1870 638 1911 mox
682 1853 869 1912 ferme
914 1852 1139 1929 primae
1181 1858 1380 1929 partes
1425 1851 1483 1909 in
1531 1850 1641 1910 hac
1685 1856 2018 1913 mercatura
2064 1850 2284 1927 agenda
2331 1851 2420 1913 ad,
2449 1870 2551 1911 eos

316 1958 595 2018 cecidisse
648 1958 946 2027 videntur;
1004 1958 1065 2016 in
1120 1957 1262 2016 actis
1305 1954 1557 2033 publicis
1601 1955 1818 2017 saeculi
1872 1955 1999 2015 XIV
2056 1962 2113 2016 et
2156 1957 2548 2034 sequentium,

314 2082 464 2142 quae
520 2063 675 2140 apud
736 2063 986 2122 Venetos
1044 2062 1318 2121 continua
1364 2061 1579 2121 abhinc
1624 2063 1776 2122 serie
1820 2067 2162 2139 supersunt,
2208 2060 2551 2120 Norimber-

315 2169 582 2246 gensium
634 2164 810 2245 longe
863 2167 1331 2245 frequentissima
1386 2167 1648 2226 omnium
1695 2165 2175 2227 commemoratio
2228 2166 2553 2234 invenitur;

314 2274 530 2345 inillis
573 2274 817 2343 notitiis,
866 2291 1015 2352 quae
1060 2291 1129 2333 ex
1174 2273 1523 2332 nostratium
1569 2278 1737 2350 parte
1777 2278 2151 2332 conservatae
2192 2279 2357 2342 sunt,
2404 2273 2555 2333 duae

315 2384 661 2460 praesertim
725 2379 840 2439 hoc
893 2385 1169 2457 respectu
1225 2379 1757 2457 Norimbergenses
1830 2376 2082 2438 familiae
2156 2378 2562 2446 nominantur,

317 2489 557 2551 Ebner
603 2494 660 2549 et
714 2484 1045 2554 Behaim,
1106 2485 1204 2564 qui
1263 2491 1398 2547 ante
1458 2485 1719 2565 reliquos
1765 2482 2134 2543 commercio·
2167 2482 2388 2545 Veneto
2434 2489 2578 2545 stu-‘

317 2597 513 2657 duisse
579 2595 880 2662 feruntur3
913 2588 958 2672 3)
1025 2610 1162 2652 mox
1229 2593 1323 2653 alii
1377 2591 1677 2652 subsecuti
1732 2595 1886 2648 sunt.
1978 2588 2170 2667 Supra
2221 2591 2337 2651 iam
2395 2609 2553 2651 com·

317 2709 639 2764 memorata
683 2720 716 2760 a
759 2699 930 2760 nobis
976 2706 1065 2760 est
1108 2697 1421 2759 aemulatio
1468 2697 1766 2777 quondam
1810 2697 1964 2757 inter
2007 2697 2118 2757 hos
2174 2702 2233 2757 et
2285 2695 2554 2756 Ratisbo-

318 2826 530 2870 nenses
586 2808 659 2867 de
702 2806 876 2883 primi
919 2804 1032 2864 loci
1077 2806 1134 2863 in
1180 2806 1397 2865 sontico
1441 2803 1942 2865 Theotonicorum
1987 2802 2287 2864 obtinendi
2332 2804 2559 2863 honore

319 2919 547 2981 coorta3
595 2929 771 2989 quem
816 2912 1078 2989 quamvis
1121 2917 1261 2970 tunc
1304 2928 1423 2971 non
1454 2915 1977 2988 consequerentur,
2024 2909 2177 2969 sacto
2206 2916 2403 2970 tamen
2434 2910 2560 2969 sine

318 3019 496 3080 dubio
539 3017 715 3097 primi
759 3016 848 3077 vel
890 3017 1043 3076 inter
1085 3017 1309 3094 primos
1351 3018 1468 3075 iam
1499 3032 1569 3075 eo
1597 3020 1867 3093 tempore
1898 3015 2398 3077 existimabantur.
2445 3015 2559 3076 Ne-

319 3144 435 3203 que
478 3124 670 3184 minor
716 3122 1073 3184 Venetorum
1105 3125 1271 3201 copia
1315 3124 1440 3191 fuit,
1489 3122 1589 3200 qui
1629 3123 1778 3181 viam
1809 3122 2367 3201 Norimbergensem
2401 3122 2559 3201 (‚‚ea·

319 3230 543 3291 minum
587 3228 661 3289 de
705 3227 1133 3306 Norimberga“
1179 3236 1244 3289 ut
1288 3230 1401 3290 dici
1446 3227 1691 3308 solebat)
1738 3228 2059 3289 tentabant.
2095 3225 2139 3308 4)

463 3570 512 3633 1)
539 3569 680 3619 Ibid.
706 3569 752 3619 Ι.
780 3586 832 3633 p.
862 3567 945 3617 54.

456 3660 509 3723 2)
537 3658 678 3710 Ibid.
714 3659 760 3709 1.
797 3672 924 3722 pag.
963 3655 998 3707 6
1030 3670 1146 3722 seq.
1187 3656 1369 3722 Saepe
1406 3658 1530 3723 agri
1563 3657 1835 3708 sterilitas
1870 3659 1929 3708 in
1964 3658 2311 3709 documentis
2355 3657 2564 3707 diserte

324 3753 658 3801 memoratur
680 3773 746 3781 —
770 3760 937 3796 unser
960 3749 1116 3807 statt,
1146 3746 1235 3795 die
1262 3746 1410 3795 daun
1437 3746 1540 3795 auf
1561 3747 1794 3809 durrem,
1824 3749 2125 3814 sanntigen
2150 3746 2567 3810 unfruehtperm

325 3836 567 3888 erdtrieh
594 3834 831 3901 gelegen
856 3836 948 3908 ist.
997 3836 1226 3884 Docum.
1257 3851 1307 3884 a.
1338 3835 1469 3885 1470
1496 3852 1531 3886 a.
1553 3837 1841 3888 Friderieo
1853 3839 1939 3889 ΙΙΙ
1966 3839 2189 3900 editum,
2220 3852 2307 3901 ap.
2338 3832 2567 3885 Chmel

323 3929 609 3993 Regesten
631 3923 954 3975 Friedriehs
978 3924 1063 3973 ΙΙΙ
1087 3924 1245 3975 Num.
1273 3924 1423 3975 6120.

458 4013 512 4078 3)
538 4013 713 4064 Roth
738 4012 775 4077 1,
803 4013 840 4063 1.
868 4015 912 4063 Ι.
940 4031 991 4078 p.
1020 4013 1082 4064 51
1111 4029 1226 4078 seq.
2003 4069 2024 4076 ,

460 4103 514 4167 4)
543 4104 698 4164 Quae
724 4118 824 4192 pqr
845 4100 1115 4151 Tiroliam
1142 4106 1198 4151 et
1223 4101 1483 4155 Sueviam
1510 4105 1774 4156 conducit
1796 4105 1891 4155 via
1918 4120 2086 4169 supra
2112 4102 2413 4167 descripta,
2443 4101 2565 4150 fere

326 4181 444 4241 κατ’
475 4182 683 4257 ἐξοχήν
709 4191 1027 4252 „caminum
1053 4190 1121 4240 de
1145 4190 1195 4240 N
1199 4192 1554 4259 erimberga“
1582 4195 1913 4260 appellatur.
1943 4195 2201 4246 Ceterum
2229 4190 2344 4241 alia
2358 4204 2572 4255 quoque

306 4283 423 4334 ‚via
447 4280 675 4333 Italiam
712 4282 1207 4348 Norimbergenses
1241 4282 1539 4346 petebant3
1576 4285 2056 4350 frequentissimos
2093 4285 2240 4335 enim
2273 4286 2571 4343 mercatus,
