3049 5048
1570 223 1646 285 18

489 410 734 471 flumine
786 409 1106 470 utebantur
1160 416 1218 470 et
1272 410 1331 468 in
1390 427 1459 469 eo
1516 426 1747 469 merces
1800 409 2193 478 vehebantur;
2267 410 2401 470 ideo
2466 410 2734 471 homines

493 515 729 593 quidam
775 533 807 574 a
853 514 1084 574 Venetis
1137 515 1385 576 instituti
1440 522 1608 575 erant
1664 514 2054 585 „custodes
2120 513 2464 593 Athycis“
2534 515 2731 593 appel-

492 619 620 689 lati,
681 618 894 696 quibus
941 636 1118 679 curae
1164 627 1319 692 erat,
1364 629 1432 681 ut
1474 639 1685 683 secure
1730 628 1787 682 et
1821 622 1946 682 sine
1989 621 2405 699 impedimento
2450 622 2736 698 navigatio

492 724 863 803 procederet.
893 720 935 807 ¹)
1019 726 1292 788 Ceterum
1344 727 1542 788 videas
1596 727 1671 787 de
1724 728 1831 788 viis
1889 746 1968 793 ,ex
2023 727 2257 806 Alpium
2311 726 2738 787 Veronensium

496 830 778 908 angustiis
807 831 866 890 in
891 831 1190 908 planitiem
1235 833 1661 895 deducentibus
1707 834 2124 895 documentum
2170 852 2220 893 a.
2275 831 2435 893 1472
2483 832 2674 910 (Mone
2698 832 2735 892 l.

497 935 534 995 l.
582 954 639 1015 p.
689 935 823 1015 34);
873 937 1021 999 duae
1066 940 1320 1009 fuerunt,
1369 939 1583 1018 quibus
1613 938 1869 1019 legitime
1914 942 1998 1001 uti
2041 940 2283 1006 licebat:
2329 937 2498 999 multi
2540 945 2739 999 tamen

501 1050 862 1105 mercatores
905 1047 1152 1131 portorii
1198 1045 1446 1106 evitandi
1491 1048 1676 1124 gratia
1728 1046 1855 1108 illas
1912 1046 2299 1107 circumibant
2350 1052 2408 1105 et
2464 1062 2574 1123 per
2624 1051 2741 1104 tra-

502 1151 674 1211 mites
718 1151 1008 1211 montium
1052 1151 1412 1229 migrabant;
1460 1159 1665 1214 contra
1711 1173 1859 1232 quos
1899 1152 2042 1215 illud
2076 1152 2332 1212 edictum
2364 1149 2585 1211 editum
2615 1150 2740 1210 fuit.

672 1256 796 1318 lam
838 1258 1016 1335 igitur
1062 1275 1133 1317 ex
1178 1257 1531 1318 documento
1577 1276 1757 1336 supra
1800 1257 1972 1319 allato
2017 1279 2068 1320 a.
2121 1256 2282 1321 1308
2330 1263 2388 1317 et
2431 1256 2530 1318 diu
2575 1263 2745 1316 antea

505 1364 904 1442 Augustenses
948 1369 1006 1423 et
1049 1361 1302 1423 Venetos
1346 1365 1594 1424 invicem
1640 1383 1768 1425 esse
1812 1365 2139 1441 negotiatos
2184 1365 2580 1442 cognovimus,
2652 1363 2746 1422 Vi-

506 1470 647 1531 dere
692 1475 886 1528 autem
939 1467 1001 1527 in
1054 1467 1166 1528 hac
1220 1469 1527 1531 occasione
1593 1468 1756 1539 licet,
1832 1488 2008 1547 quam
2073 1469 2471 1546 periculosum
2543 1470 2618 1529 sit
2687 1468 2748 1526 in

506 1573 844 1636 huiusmodi
899 1573 1080 1633 rebus
1133 1573 1458 1634 iudicandis
1503 1572 1748 1652 singulis
1792 1574 2142 1653 quibusdam
2186 1577 2543 1654 scriptorum
2597 1575 2749 1634 noti-

508 1682 603 1741 tiis
647 1680 832 1740 inniti.
858 1678 1083 1763 ⁸Refert
1125 1658 1364 1738 Paullus
1420 1678 1493 1738 de
1547 1679 1791 1749 Stetten‚
1852 1697 2005 1740 anno
2068 1681 2227 1744 1320
2285 1680 2752 1759 Augustensibus

449 1850 454 1855 ,
509 1788 600 1847 ius
645 1804 773 1846 esse
819 1802 1166 1846 concessum
1197 1804 1332 1845 cum
1362 1785 1662 1845 mercibus
1692 1786 1813 1845 suis
1852 1802 1960 1862 per
2000 1786 2279 1847 Tiroliam
2318 1786 2677 1847 transeundi.
2703 1783 2751 1866 2)

410 1972 417 1973 7
512 1894 639 1965 Qua
693 1912 758 1953 re
805 1893 1059 1953 confisus
1103 1889 1491 1951 Hffllmannus
1545 1909 1745 1950 veram
1801 1898 1935 1952 ante
1986 1892 2145 1953 hunc
2199 1911 2418 1953 annum
2468 1911 2587 1952 non
2644 1870 2752 1969 po-

515 2000 693 2060 tuisse
723 1997 921 2058 locum
962 1995 1239 2059 habuisse
1283 2001 1678 2056 mercaturam
1712 1996 2024 2057 contendit.
2041 1993 2084 2077 3)
2155 1996 2228 2056 At
2272 2000 2578 2059 manifesto
2610 1997 2755 2057 falsa

414 2174 419 2181 ,
514 2106 660 2165 haec
706 2100 1096 2163 concludendi
1149 2101 1297 2188 ratio
1344 2108 1432 2161 est
1474 2102 1536 2161 in
1579 2102 1759 2163 rebus
1804 2103 1877 2162 ad
1921 2120 2127 2163 aevum
2169 2104 2430 2165 medium
2486 2111 2760 2182 spectan-x

513 2211 700 2280 tibus;
758 2208 925 2269 aliter
983 2210 1138 2269 enim
1192 2207 1597 2277 indicandum,
1653 2208 1755 2268 ubi
1812 2207 1884 2268 de
1929 2209 2269 2288 privilegiiS‚
2325 2208 2493 2270 aliter
2535 2210 2638 2270 ubi
2682 2209 2755 2269 de

514 2316 714 2394 legum
757 2315 1019 2392 iurisque
1065 2315 1330 2376 ordinata
1374 2312 1629 2393 quadam
1675 2312 2005 2376 conditione
2050 2317 2271 2394 agitur3
2318 2315 2755 2394 privilegiorum

516 2428 713 2482 autem
755 2421 816 2486 in
859 2418 972 2480 illis
1019 2420 1382 2496 temporibus
1428 2437 1495 2478 ea
1541 2418 1649 2479 fuit
1690 2420 1839 2479 ratio
1881 2428 1949 2481 ut
1993 2441 2129 2482 eum
2170 2421 2347 2481 modo
2407 2421 2757 2481 sacramenti

517 2528 748 2591 vinculo
795 2527 1257 2603 obstringerent,
1305 2530 1404 2605 qui
1447 2530 1573 2606 ipse
1616 2528 1983 2609 privilegium
2028 2527 2100 2587 ad
2145 2527 2398 2606 aliquem
2440 2527 2757 2596 detulerat;

520 2634 710 2696 caveri
778 2633 1055 2692 nimirum
1123 2632 1348 2694 solebat
1411 2635 1470 2693 in
1527 2635 1758 2713 scriptis
1826 2633 2265 2719 privilegiorum
2337 2633 2757 2704 instrumentiS,

519 2747 584 2799 ut
630 2739 835 2799 eadem
880 2738 1055 2798 etiam
1097 2739 1156 2797 in
1201 2747 1503 2817 posterum
1550 2760 1583 2801 a
1628 2738 2071 2802 successoribus
2114 2737 2477 2801 observanda
2534 2746 2757 2808 essent3

520 2832 625 2905 sed
670 2851 897 2904 tantum
941 2843 1163 2914 abfuit„
1210 2852 1275 2905 ut
1319 2846 1685 2925 subsequens
1729 2848 1976 2926 quisque
2011 2845 2084 2906 ad
2116 2845 2433 2925 quidquam
2477 2865 2542 2907 se
2583 2864 2760 2923 repu-

661 3155 712 3219 1)
743 3157 783 3206 C
802 3173 834 3206 a
852 3172 881 3206 e
897 3172 922 3207 s
938 3174 1010 3208 ar
1044 3159 1085 3210 C
1102 3176 1135 3210 a
1148 3176 1185 3209 n
1198 3165 1221 3211 t
1235 3158 1297 3224 ti,
1344 3159 1779 3211 Mediolanensis
1812 3159 2167 3209 historiarum
2214 3159 2452 3224 scriptor
2498 3160 2557 3208 in
2590 3159 2761 3209 libro:

525 3244 727 3294 Scorsa
752 3245 810 3295 di
834 3261 908 3295 un
931 3248 1244 3300 Lombardo
1270 3250 1425 3317 negli
1448 3249 1675 3313 Archivj
1705 3249 1761 3298 di
1784 3249 2052 3299 Venezia.
2079 3246 2290 3300 Milano
2318 3262 2347 3296 e
2371 3247 2594 3297 Verona
2632 3246 2764 3297 1856
2845 3306 2854 3316 ἱ

523 3333 680 3399 leges
707 3336 1130 3400 magistratuum
1154 3339 1488 3389 Venetorum
1516 3338 1707 3399 edidit,
1738 3338 1831 3401 qui
1854 3375 1887 3400 ,‚
1902 3338 1982 3388 Vi
1997 3354 2026 3386 c
2042 3352 2070 3386 e
2082 3337 2116 3385 d
2130 3353 2160 3386 o
2173 3337 2336 3386 mini
2358 3336 2404 3385 L
2420 3352 2450 3385 o
2464 3352 2514 3384 m
2526 3335 2562 3386 b
2578 3353 2610 3386 a
2622 3353 2649 3385 r
2660 3336 2693 3385 d
2706 3352 2762 3385 o-

526 3438 597 3472 ru
609 3441 660 3472 m
678 3423 711 3450 ‘⁴
736 3425 1183 3476 nominabantur.
1210 3427 1310 3477 Uti
1333 3433 1532 3493 postea
1556 3428 1893 3488 videbimus,
1922 3440 1998 3487 „v
2011 3426 2030 3474 i
2045 3442 2073 3475 c
2090 3440 2119 3474 e
2134 3425 2167 3473 d
2180 3441 2210 3474 o
2223 3426 2354 3474 min
2367 3441 2397 3475 0
2411 3440 2436 3475 s
2462 3425 2529 3475 fo
2543 3442 2579 3474 n
2591 3430 2615 3474 t
2628 3426 2647 3473 i
2662 3441 2690 3474 c
2705 3423 2765 3472 i“

526 3512 819 3562 Germanis
854 3517 1256 3567 mercatoribus
1292 3518 1640 3584 praepositos
1674 3517 1848 3566 fuisse
1861 3552 1876 3576 ‚
1924 3514 2007 3562 ita
2041 3512 2126 3561 illi
2161 3528 2248 3562 res
2285 3516 2648 3565 mercatorias
2694 3512 2765 3563 ad

523 3600 752 3650 Italiam
777 3603 1119 3666 superiorem
1141 3611 1468 3671 spectantes
1497 3605 1786 3655 curabant.
1859 3604 1925 3652 In
1958 3618 2143 3652 eorum
2180 3603 2478 3668 capitulari
2511 3604 2602 3652 lex
2637 3617 2764 3652 con-

522 3690 734 3739 tinetur
758 3690 878 3741 lata
905 3708 954 3742 a.
986 3691 1142 3742 1277:
1168 3675 1202 3756 .,
1220 3694 1405 3756 Quod
1437 3692 1875 3754 Vicedomini
1917 3691 1963 3740 L
1981 3692 2122 3740 omb
2138 3692 2448 3742 ardorum
2491 3692 2769 3743 solvant

528 3794 555 3827 c
570 3795 606 3827 u
618 3794 642 3829 s
656 3785 679 3829 t
692 3796 722 3829 o
736 3779 769 3828 d
785 3796 814 3830 e
827 3795 852 3830 s
877 3780 924 3830 A
937 3780 1053 3845 thy
1066 3798 1094 3831 c
1108 3783 1165 3832 is
1182 3782 1215 3808 “
1243 3783 1391 3848 (pag.
1423 3779 1561 3843 176.)
1587 3780 1752 3829 Haud
1778 3779 1944 3829 dubie
1971 3764 2108 3829 illu'd
2133 3782 2242 3831 fuit
2264 3781 2456 3830 horum
2482 3781 2768 3830 custodum

526 3866 798 3931 officium,
827 3875 889 3919 ut
913 3873 1296 3944 navigationis
1322 3872 1382 3921 in
1405 3869 1603 3919 Athesi
1626 3869 1989 3919 securitatem
2016 3875 2293 3920 curarent.
2332 3868 2592 3918 Ceterum
2618 3867 2769 3918 aliud

527 3954 668 4004 nihil
693 3955 760 4004 de
788 3957 859 4006 iis
886 3958 1092 4009 inveni.

663 4043 715 4107 2)
743 4044 1026 4095 Stetten
1051 4047 1085 4097 l.
1114 4046 1150 4096 l.
1176 4048 1206 4095 Ι
1230 4063 1357 4112 pag.
1384 4044 1468 4095 96.

662 4132 714 4199 3)
740 4134 1109 4185 Hiillmann
1148 4134 1349 4184 Gesch.
1389 4134 1487 4184 des
1521 4135 1991 4198 byzantinischen
2024 4137 2275 4189 Handels
2321 4152 2450 4202 pag.
2487 4134 2556 4186 86
2587 4137 2772 4188 Idem

525 4224 840 4276 Deutsches
867 4223 1252 4274 Stadtewesen
1276 4222 1320 4271 Ι.
1349 4239 1402 4287 p.
1431 4220 1549 4274 384.
