3049 5048
1385 227 1465 288 17

310 426 593 499 gerentur
620 416 660 497 ¹)
707 415 990 496 Exemplo
1033 415 1206 476 nobis
1251 416 1325 476 sit
1368 414 1623 476 edictum
1666 411 1825 473 Petri
1869 410 2027 471 Ziani
2070 409 2248 471 Ducis
2290 428 2341 470 a.
2395 409 2557 472 1226

312 525 568 595 editum,
616 525 675 583 in
720 541 837 602 quo
882 522 1101 582 diserte
1144 520 1292 582 haec
1334 521 1484 581 ratio
1530 517 1959 598 pronuntiatur.
2051 515 2244 586 Quum
2291 518 2445 578 enim
2498 519 2559 579 in

309 631 600 709 Ungariae
624 647 809 708 regno
835 630 1067 707 saepius
1091 627 1296 688 Veneti
1320 633 1679 687 mercatores
1703 622 1884 684 rebus
1907 623 2026 683 suis
2051 624 2296 684 fuissent
2327 624 2557 703 spoliati

310 744 368 797 et
411 737 629 796 frustra
674 754 741 795 ex
776 753 919 813 rege
949 734 1145 794 damni
1190 734 1479 795 restitutio
1512 736 1668 793 esset
1696 730 1977 808 quaesita,
2008 729 2124 788 iam
2156 729 2405 790 Senatus
2434 748 2555 791 non

308 860 417 921 par
457 841 584 919 pari
614 841 992 902 referendum
1024 840 1206 910 duxit,
1239 839 1341 900 sed
1373 839 1560 899 hocce
1589 855 1622 896 a
1652 836 1813 896 Duce
1845 835 2099 896 edictum
2131 835 2349 896 editum
2383 842 2486 897 est.
2506 835 2551 918 2)

563 947 629 1007 Ρ;
660 947 819 1007 Ziani
851 946 944 1007 dei
975 947 1162 1025 gratia
1190 962 1390 1006 venec.
1410 942 1656 1004 dalmac.
1673 949 1781 1002 etc.
1810 941 2096 1002 universis
2126 942 2554 1003 mercatoribus

396 1072 463 1113 ex
493 1070 678 1134 regno
709 1053 964 1131 Ungarie
1008 1052 1079 1112 ad
1112 1051 1325 1113 Venec.
1357 1049 1556 1111 venire
1597 1046 1925 1110 volentibus
1956 1046 2221 1109 salutem.
2271 1047 2554 1109 Volumus

396 1161 580 1229 enim,
652 1158 809 1237 quod
866 1158 925 1218 in
983 1157 1230 1220 ducatus
1292 1156 1477 1217 nostri
1537 1155 1866 1216 districtum
1923 1155 2115 1215 securi
2181 1156 2424 1215 veniatis
2486 1175 2555 1217 ac

397 1265 611 1326 abinde
666 1263 954 1326 recedatis
1010 1262 1279 1324 videlicet
1331 1263 1391 1324 in
1449 1260 1719 1339 personis
1766 1267 1824 1321 et
1866 1258 2073 1329 rebuS,
2129 1261 2208 1321 ita
2254 1262 2555 1323 dumtaxat

395 1371 552 1450 quod
608 1371 749 1433 fisco
805 1376 1007 1431 nostro
1065 1368 1409 1446 persolvatis
1464 1367 1539 1428 ad
1584 1365 1882 1426 racionem
1955 1366 2300 1446 cuiusquam
2358 1368 2550 1450 (que?)

395 1477 713 1537 centenarii
767 1474 866 1535 lib.
937 1481 1137 1534 nostre
1202 1480 1436 1535 monete
1491 1491 1538 1532 S.
1596 1470 1753 1532 XXX
1810 1470 1883 1530 de
1926 1470 2037 1529 hiis
2091 1490 2206 1550 que
2248 1473 2553 1535 vobiscum

395 1582 498 1641 visi
555 1583 781 1643 fueritis
837 1588 1127 1660 aportare.
1175 1581 1301 1641 Dat.
1358 1579 1571 1640 Venec.
1630 1594 1764 1637 ann.
1814 1575 1913 1635 dni
1957 1574 2304 1649 MCCXXVI,
2351 1598 2553 1641 mense

400 1688 552 1748 mad.
600 1687 779 1747 Indic.
828 1687 1004 1747 XIIII.
1052 1687 1205 1748 hanc
1249 1694 1444 1748 autem
1490 1685 1783 1745 dationem
1826 1681 1950 1741 tolli
1993 1681 2261 1754 volumus
2303 1702 2414 1763 pro
2459 1705 2552 1746 so-

394 1791 613 1853 lutione
657 1811 860 1855 rerum
907 1793 1233 1855 ablatarum
1277 1792 1498 1854 venetis
1543 1791 1760 1851 nostris
1803 1787 1902 1848 illo
1947 1791 2006 1849 in
2052 1808 2235 1868 regno
2267 1791 2551 1863 facienda,

402 1895 573 1957 salvis
629 1897 754 1959 aliis
810 1899 1168 1969 dationibus,
1224 1913 1370 1975 quas
1413 1897 1472 1954 in
1517 1913 1626 1955 suo
1672 1901 1823 1955 statu
1876 1892 2145 1956 volumus
2200 1900 2551 1958 conservari.

478 2003 600 2064 Iam
644 2022 785 2065 vero
840 2005 915 2065 ad
967 2005 1289 2083 Augustam
1343 2001 1673 2062 redeamus,
1766 1998 1948 2060 Solita
2000 2001 2090 2060 via
2149 2020 2262 2079 qua
2321 2003 2549 2084 Augus·

314 2115 433 2168 tam
491 2108 693 2169 Veneti
752 2117 810 2171 et
861 2111 922 2170 in
976 2108 1198 2169 Italiam
1253 2108 1651 2187 Augustenses
1704 2106 2215 2184 ingrediebantur,
2275 2111 2400 2187 ipsa
2455 2111 2550 2171 illa

307 2215 432 2284 suit,
504 2233 679 2293 quam
744 2216 899 2276 istud
974 2215 1108 2276 anni
1187 2212 1347 2274 1308
1417 2213 1835 2272 documentum
1904 2210 2075 2272 nobis
2139 2213 2372 2274 indicat.
2461 2215 2550 2275 Ab

305 2319 566 2399 Augusta
620 2321 757 2383 inde
812 2322 1014 2382 Licum
1058 2317 1458 2397 sequebantur
1500 2335 1689 2395 usque
1734 2315 1807 2376 ad
1868 2315 2119 2386 Fauces;
2186 2319 2322 2379 inde
2380 2318 2550 2380 Tiro-

303 2426 441 2488 liam
500 2429 783 2489 intrantes
856 2426 1242 2504 Oenipontem
1312 2422 1655 2502 pergebant,
1718 2421 1876 2500 quod
1933 2423 2215 2501 oppidum
2257 2425 2421 2485 inde
2478 2425 2551 2486 ab

304 2553 358 2594 a.
439 2533 597 2597 1239
670 2554 739 2597 eo
805 2535 933 2595 iure
999 2531 1334 2601 fruebatur,
1415 2531 1500 2591 uti
1567 2547 1795 2590 merces
1878 2546 2081 2590 omnes
2161 2532 2553 2611 undecunque

303 2648 569 2720 portatae
633 2620 729 2701 liic
785 2660 904 2702 non
958 2640 1151 2702 subito
1207 2638 1625 2718 praeterirent,
1695 2635 1797 2697 sed
1855 2653 1962 2712 per
2018 2644 2245 2698 certum
2318 2646 2553 2718 tempus

302 2749 365 2809 in
436 2766 506 2807 eo
572 2747 1009 2826 deponerentur
1081 2745 1419 2822 civibusque
1491 2742 1565 2803 ad
1633 2741 1948 2802 emendum
2005 2754 2481 2823 proponerentur
2507 2744 2552 2828 3)

308 2850 606 2931 (Niderlag
654 2888 724 2897 —
780 2853 872 2913 ius
928 2849 1309 2929 depositionis
1364 2847 1691 2929 mercium).
1793 2847 1961 2908 Tunc
2030 2851 2320 2926 superatis
2384 2869 2552 2912 mon·

310 2956 493 3028 tibus,
553 2960 653 3037 qui
709 2957 854 3019 Oeni
905 2955 1112 3017 vallem
1171 2973 1204 3013 a
1260 2955 1501 3033 regione
1559 2953 1834 3014 Athesina
1891 2963 2167 3033 separant
2224 2958 2341 3018 iam
2400 2960 2553 3020 inter

308 3063 454 3124 altos
510 3064 742 3144 Alpium
788 3070 1017 3124 montes
1073 3061 1147 3122 ad
1201 3060 1375 3120 huius
1434 3059 1691 3119 fluminis
1748 3060 1898 3120 viam
1953 3078 2016 3121 se
2072 3061 2402 3141 dirigebant
2470 3064 2551 3125 la-

308 3169 579 3230 tronibus
622 3170 901 3230 nimirum
946 3186 1120 3247 saepe
1176 3171 1484 3233 tentatam;
1553 3164 1690 3225 inde
1745 3166 1862 3225 iam
1935 3165 2200 3246 plerique
2274 3170 2550 3230 continue

308 3275 551 3336 fluvium
595 3281 910 3354 sequentes
952 3274 1246 3335 Veronam
1289 3288 1479 3348 usque
1526 3271 1960 3346 procedebant;
2019 3272 2113 3333 alii
2157 3274 2273 3333 iam
2329 3275 2466 3335 inde
2522 3294 2554 3335 a

306 3381 589 3441 Tridento
645 3379 743 3440 illo
800 3378 1005 3441 relicto
1051 3385 1108 3439 et
1151 3378 1369 3438 Brenta
1415 3375 1566 3435 duce
1611 3386 1843 3457 sumpta
1888 3378 2144 3439 breviori
2187 3379 2397 3440 itinere
2442 3380 2550 3440 Ve-

306 3487 492 3548 netias
536 3487 1017 3565 assequebantur.
1108 3483 1181 3543 Et
1235 3482 1346 3541 hac
1404 3480 1642 3559 quidem
1686 3483 1775 3543 via
1821 3502 1940 3544 non
1984 3483 2384 3562 Angustenses
2442 3485 2552 3545 soli

307 3592 643 3662 utebantur,
690 3592 793 3653 sed
838 3609 1042 3652 omnes
1089 3589 1425 3667 quicunque
1472 3607 1545 3649 ex
1589 3587 1686 3648 illa
1728 3588 2077 3649 Germaniae
2123 3597 2289 3667 parte
2333 3593 2393 3651 in
2437 3591 2550 3652 Ita·

306 3697 444 3758 liam
501 3697 952 3760 descendebant.
970 3694 1015 3776 ⁴¹)
1140 3694 1277 3756 Sine
1335 3694 1515 3755 dubio
1573 3693 1823 3754 multum
1879 3673 1937 3753 in
1993 3694 2107 3754 hoc
2162 3695 2371 3756 itinere
2427 3698 2554 3776 ipso

447 3887 496 3952 l)
521 3888 701 3938 Huius
736 3886 821 3937 rei
858 3883 1111 3949 exempla
1150 3901 1217 3935 ex
1241 3885 1468 3936 saeculo
1492 3884 1623 3935 XIV
1648 3882 1831 3949 petita.
1866 3880 1977 3931 vid.
2006 3881 2200 3933 Mone
2229 3885 2558 3936 zeitschrift

310 3977 347 4028 l.
374 3977 411 4028 l.
441 3994 569 4044 pag.
601 3976 681 4027 18.
708 3976 771 4026 21
802 3975 873 4025 al.
1785 4041 1796 4048 ‚

443 4065 496 4130 2)
521 4066 695 4116 Liber
716 4064 1034 4131 Plegiorum
1059 4078 1157 4113 seu
1185 4062 1501 4113 Communis
1524 4061 1682 4111 Num.
1711 4057 1827 4109 385.

444 4152 497 4218 3)
522 4156 856 4218 Hormayr
882 4152 1083 4203 Gesch.
1111 4151 1310 4216 Tyrols
1334 4152 1407 4202 ΙΙ.
1434 4148 1554 4200 279.
1581 4148 1700 4200 280.

447 4244 500 4309 4)
529 4244 563 4294 S
581 4249 839 4307 tetten,
871 4244 1074 4295 Gesch.
1101 4259 1153 4294 v.
1182 4240 1476 4307 Augsburg
1499 4240 1545 4290 Ι.
1573 4254 1701 4305 pag.
1734 4237 1847 4289 176.
