3049 5048
1449 302 1531 368 35

371 493 609 572 Europa
639 492 1019 554 'meridionali
1064 492 1138 553 ad
1182 482 1371 555 terras
1416 501 1475 555 et
1517 494 1703 556 maria
1746 490 2223 572 septentrionalia
2265 493 2605 554 tendentem

370 618 480 679 per
522 607 711 669 terras
755 599 867 660 sibi
909 599 1174 659 subditas
1230 600 1526 678 dirigeret.
1633 598 1803 669 Quod
1860 599 2030 660 effici·
2074 614 2250 677 posse
2304 599 2415 660 sibi
2469 616 2603 678 per-

371 714 637 768 suaserat
680 707 777 776 ita,
825 711 891 766 ut
919 704 1115 766 Albim
1162 711 1219 766 et
1248 704 1581 769 Danubium
1627 708 2010 785 coniungeret
2052 705 2209 765 fossa
2251 705 2404 766 inter
2447 704 2607 766 hunc

372 819 429 873 ct
457 812 803 874 Moldaviam
846 812 1087 874 fluvium
1132 814 1547 890 percutienda;
1596 832 1712 893 quo
1755 815 1908 874 facto
1938 819 2334 874 mercaturam
2362 813 2424 872 in
2453 813 2606 874 hanc

370 921 522 980 viam
567 921 836 1006 protinus
881 937 945 980 se
989 920 1118 980 fore
1160 925 1345 981 totam
1379 937 1797 982 conversuram
1828 926 1887 982 et
1912 904 2165 997 Pragam
2192 917 2606 979 intermedium

369 1026 535 1105 quasi
581 1026 911 1104 emporium
952 1025 1109 1085 inter
1136 1024 1632 1087 Mediterraneum
1678 1020 1735 1087 et
1772 1025 2054 1087 balticum
2084 1042 2247 1086 mare
2278 1042 2600 1086 evasuram.

368 1131 684 1192 Praeterea
729 1133 903 1193 etiam
946 1131 1264 1212 pri'vilegiis
1317 1137 1680 1192 mercatores
1739 1133 1998 1210 undique
2053 1131 2116 1192 in
2169 1129 2382 1191 urbem
2437 1148 2605 1190 suam

369 1235 603 1299 allicere
648 1237 945 1309 studebat,
992 1239 1083 1299 ita
1114 1247 1179 1300 ut
1220 1217 1465 1316 Pragas
1494 1255 1705 1297 verum
1748 1237 1927 1298 totius
1969 1232 2201 1315 imperii
2243 1242 2386 1297 tunc
2430 1243 2607 1314 caput

366 1342 427 1400 in
472 1349 802 1404 mercatura
847 1363 1083 1424 quoque
1137 1362 1429 1405 summam
1482 1344 1780 1404 fortunam
1837 1348 2327 1421 consequeretur,
2399 1361 2604 1424 quam-

366 1449 452 1508 vis
494 1448 639 1509 illud
685 1451 804 1510 foss
817 1470 909 1531 ae⁸
932 1451 1240 1512 consilium
1283 1457 1486 1530 postea
1531 1448 1782 1510 Karolus
1827 1449 2167 1527 deponeret.
2683 1524 2686 1531 .

540 1553 1066 1618 Commemoranda
1110 1558 1363 1636 denique
1406 1557 1579 1618 tertia
1623 1554 1777 1616 linea
1818 1555 1990 1616 nobis
2037 1561 2154 1625 est,
2203 1571 2353 1632 quae
2385 1553 2598 1615 Viadro
2663 1583 2668 1589 ¹

368 1657 609 1720 flumine
655 1668 713 1721 et
742 1661 1078 1724 Vratislavia
1121 1663 1271 1725 urbe
1317 1662 1703 1732 describitur;
1749 1662 1861 1723 hac
1889 1661 2251 1722 Adriaticum
2298 1680 2434 1724 cum
2477 1661 2600 1723 hal-

366 1763 483 1825 tico
542 1767 717 1836 mari,
788 1766 1060 1831 Venetiae
1116 1789 1251 1831 cum
1303 1769 1737 1831 hanseatico
1793 1764 2191 1827 territorio
2259 1767 2607 1829 orientali

370 1871 822 1950 coniunguntur.
899 1875 1200 1937 Directum
1243 1877 1396 1937 inter
1425 1875 1679 1936 Venetos
1710 1880 1769 1934 et
1796 1871 2271 1934 Vratislavienses
2312 1890 2603 1934 commer-

370 1979 526 2039 cium
569 1979 740 2058 plura
784 1986 1072 2042 testantur
1118 1981 1488 2043 documenta.
1580 1978 1751 2050 Quod
1795 1979 2030 2059 quando
2074 1978 2303 2038 initium
2360 1978 2601 2056 ceperit,

369 2083 527 2144 haud
560 2084 725 2146 facile
757 2088 944 2156 dictu;
978 2093 1036 2148 at
1064 2093 1198 2166 post
1228 2089 1353 2150 sine
1384 2088 1564 2149 dubio
1596 2105 1773 2168 quam
1805 2105 1941 2148 cum
1970 2083 2365 2163 Pragensibus
2396 2083 2600 2146 Veneti

369 2191 654 2268 negotiari
698 2201 1037 2271 coeperunt,
1084 2196 1361 2273 quoniam
1389 2196 1527 2255 inde
1566 2212 1599 2254 a
1628 2192 1912 2255 Bohemia
1941 2191 2002 2251 in
2032 2189 2298 2250 Silesiam
2330 2208 2431 2252 eos
2461 2208 2599 2268 pro-

372 2292 616 2358 cessisse
668 2299 980 2361 verisimile
1036 2307 1140 2362 est.
1230 2298 1705 2361 Vratislavienses
1763 2316 1897 2360 cum
1951 2296 2188 2383 Venetis
2241 2296 2604 2375 negotiantes

374 2408 623 2464 exeunte
666 2405 790 2466 fere
848 2405 992 2466 XIV.
1041 2404 1274 2468 saeculo
1332 2411 1901 2474 commemorantur;
1941 2421 2008 2475 Aa.
2063 2402 2225 2464 1397
2271 2401 2503 2462 Marcus
2548 2407 2605 2462 et

372 2507 855 2573 Bartholomaeus
898 2511 1114 2574 Paruta
1160 2511 1362 2574 Veneti
1419 2532 1452 2574 a
1496 2512 1814 2575 Francisco
1868 2507 2113 2573 Dumloz
2175 2507 2603 2571 Vratislaviensi

372 2614 635 2677 debitum
679 2618 974 2698 quoddam
1018 2636 1126 2698 per
1168 2625 1618 2699 procuratorem
1659 2616 1799 2681 illuc
1838 2619 2082 2682 missum
2120 2615 2472 2694 exigendum
2503 2633 2604 2677 cu-

370 2722 610 2793 rabant;
656 2725 860 2786 similis
906 2726 1302 2787 controversia
1346 2732 1550 2804 postea
1594 2724 1666 2785 ad
1713 2743 1764 2786 a.
1817 2723 1976 2786 1440
2020 2718 2374 2801 narratur1).

542 2828 615 2889 Et
659 2832 773 2891 hoc
816 2830 1052 2908 quidem
1097 2832 1342 2892 forsitan
1389 2837 1719 2892 extremum
1763 2829 1940 2906 fuerit
1983 2834 2287 2907 punctum,
2336 2844 2453 2906 quo
2493 2827 2605 2905 ipsi

371 2933 574 2995 Veneti
619 2954 760 2996 aevo
805 2936 1001 2997 medio
1044 2942 1358 3015 penetrare
1401 2935 1686 2997 solebant.
1762 2934 1988 3013 Pragae
2018 2939 2075 2994 et
2104 2931 2475 2994 Vratislaviae
2506 2950 2603 2993 eas

372 3058 601 3102 merces
645 3041 1040 3121 excipiebant,
1090 3060 1238 3121 quae
1283 3041 1355 3104 ex
1397 3041 1637 3111 Russia,
1682 3038 1952 3110 Polonia,
1998 3039 2277 3100 Borussia
2321 3039 2460 3101 illuc
2504 3040 2604 3100 ad-

370 3148 729 3208 ferebantur.
805 3148 1020 3210 Notatu
1065 3155 1260 3209 tamen
1305 3148 1548 3226 dignum
1595 3152 1711 3216 est,
1760 3135 2044 3208 electrum
2087 3145 2399 3216 balticum,
2447 3146 2606 3224 quod

371 3252 511 3313 olim
555 3251 679 3313 sola
723 3253 811 3313 via
855 3256 1122 3315 terrestri
1169 3273 1239 3316 ex
1269 3255 1551 3315 Borussia
1596 3254 1902 3314 meridiem
1945 3269 2151 3312 versus
2195 3251 2419 3329 portari
2464 3270 2603 3312 con-

371 3353 656 3429 sueverat,
705 3359 880 3420 etiam
922 3359 1066 3420 XIV.
1118 3361 1310 3421 adhuc
1354 3358 1588 3422 saeculo
1634 3360 1707 3421 ab
1753 3359 1895 3439 ipsis
1924 3357 2199 3418 Borussis
2243 3357 2607 3419 institoribus

371 3465 431 3524 in
475 3465 696 3526 Italiam
740 3465 1035 3528 interdum
1094 3467 1274 3528 fuisse
1333 3467 1670 3536 advectum3
1730 3483 1830 3527 eos
1883 3460 2240 3531 Placentiae,
2299 3461 2609 3522 Ravennae

373 3567 513 3629 alias
557 3555 915 3642 invenimus;
961 3572 1215 3633 Venetiis
1259 3574 1432 3634 etiam
1477 3572 1673 3633 medio
1714 3569 1950 3662 saeculo
1980 3567 2097 3629 XV.
2132 3567 2343 3626 domus
2374 3566 2483 3627 fuit
2512 3584 2607 3626 or-

376 3677 526 3738 dinis
570 3680 858 3757 equestris
886 3680 1391 3741 Theutonicorum
1433 3678 1706 3759 propria3
1752 3675 1870 3737 illic
1914 3678 2275 3736 mercatores
2310 3670 2610 3737 Borussici

374 3784 678 3846 devertere
707 3786 975 3847 solebant
987 3785 1053 3867 2).
1110 3786 1380 3847 Forsitan
1425 3791 1622 3845 autem
1666 3800 1787 3843 non
1829 3780 1977 3841 adeo
2022 3779 2219 3857 magni
2262 3779 2409 3840 haec
2452 3797 2608 3841 mer-

374 3899 576 3954 catura
616 3893 793 3955 fuerit
820 3893 1130 3962 momenti;
1177 3891 1293 3952 iam
1335 3891 1490 3952 enim
1530 3890 1642 3968 ipsi
1670 3887 1988 3950 hanseatici
2017 3891 2379 3947 mercatores
2410 3883 2612 3946 electri

514 4146 564 4211 1)
600 4147 838 4209 Klose‚
908 4144 1332 4196 Documentirte
1383 4142 1583 4196 Gesch.
1632 4142 1744 4193 und
1792 4139 2021 4192 Beschr.
2072 4152 2182 4189 von
2225 4135 2476 4188 Breslau.
2534 4137 2609 4186 ΙΙ.

376 4254 428 4304 p.
457 4235 552 4287 351
583 4251 662 4301 sq.
1158 4280 1165 4288 .

510 4326 564 4390 2)
596 4326 845 4392 Ῡοίςι,-
869 4324 1230 4376 Preussische
1257 4321 1595 4374 Geschichte
1621 4321 1714 4372 IV.
1743 4318 1862 4371 580.
2220 4399 2258 4461 3
2275 4396 2307 4437 *
