3049 5048
1457 293 1542 356 33

375 481 432 534 et
474 473 865 537 Flandrenses
909 477 1064 555 apud
1108 477 1360 540 Venetos
1403 487 1702 542 versantes
1744 482 1901 543 haud
1941 491 2079 543 raro
2115 484 2603 567 memorantur1).

375 568 723 649 „Caminum
769 582 841 641 de
887 582 1172 645 Francia“
1219 585 1440 647 idcirco
1485 604 1661 664 saepe
1704 588 2180 665 praeferebatur,
2240 593 2374 670 quia
2430 593 2489 652 in
2535 611 2604 652 eo

373 684 545 745 simul
591 686 854 749 celebres
897 687 1024 749 illas
1068 691 1374 762 nundinas,
1422 710 1573 771 quae
1617 693 1887 771 Lugduni
1931 693 2330 767 habebantur,
2378 697 2608 758 visitare

372 795 677 866 poterant;
724 793 859 853 inde
901 812 1009 872 per
1053 796 1306 859 mediam
1337 797 1584 859 Galliam
1613 799 1687 859 ad
1717 798 1907 860 Rheni
1952 816 2057 859 ora
2086 802 2429 880 pergebant.
2489 802 2606 864 Iter

373 892 734 958 Helveticum
780 901 1010 978 oppidis
1055 901 1390 964 Constantia
1436 912 1494 965 et
1538 904 1766 968 Basilea
1812 906 2103 968 definitur.

544 1002 740 1065 Altera
784 1005 933 1068 linea
978 1008 1219 1071 flumine
1263 1009 1428 1070 Albi
1475 1010 1862 1083 describitur3
1908 1015 2207 1091 pertinent
2234 1013 2352 1075 huc
2396 1032 2606 1092 magna

376 1107 688 1170 fluviorum
735 1114 930 1190 copia,
979 1116 1078 1192 qui
1125 1135 1259 1176 eum
1304 1115 1434 1176 Albi
1493 1136 1558 1179 se
1604 1120 1966 1198 coniungunt
2011 1129 2069 1180 et
2111 1137 2391 1198 magnum
2431 1122 2607 1180 terri-

286 1270 301 1287 ,
374 1216 592 1277 torium
637 1218 1131 1280 circumscribunt
1182 1257 1250 1265 —
1278 1218 1326 1281 ‘t
1347 1224 1827 1295 erritorium,
1888 1232 1953 1285 ut
1996 1226 2249 1287 termino
2292 1224 2608 1286 universali

373 1319 470 1381 hic
515 1339 749 1402 quoque
795 1331 952 1395 utar,
1000 1327 1520 1389 hanseaticum
1566 1331 1922 1400 medium,
1970 1331 2128 1410 quod
2159 1332 2232 1392 ad
2262 1332 2442 1392 maris
2473 1350 2606 1411 sep-

373 1427 738 1488 tentrionalis
783 1448 916 1491 oras
958 1439 1134 1510 patet.
1238 1435 1420 1496 Nobis
1470 1438 1819 1514 praesertim
1874 1438 2297 1499 consideranda
2359 1444 2446 1499 est
2488 1438 2603 1498 Bo-

362 1533 596 1604 ·hemia,
645 1553 793 1614 quae
838 1539 911 1598 ad
955 1539 1106 1601 hanc
1150 1543 1456 1620 regionem
1485 1545 1787 1621 pertinens
1816 1561 1954 1602 mox
1997 1543 2055 1602 in
2099 1553 2467 1606 mercaturae
2497 1544 2605 1606 Ve-

373 1647 541 1700 netae
587 1642 897 1703 circuitum
941 1652 1179 1724 recepta
1224 1654 1328 1708 est.
1437 1651 1684 1711 Saeculo
1730 1649 1855 1710 XIV
1899 1649 2038 1709 satis
2091 1649 2403 1711 florentem
2455 1652 2606 1712 inter

373 1745 716 1817 Bohemiam
762 1756 820 1809 et
863 1749 1131 1813 Venetias
1186 1754 1365 1816 fuisse
1418 1758 1873 1835 negotiationem
1931 1762 2185 1825 constat;
2253 1777 2403 1837 quae
2449 1759 2607 1818 forse

375 1853 529 1913 circa
574 1856 836 1916 eiusdem
896 1857 1114 1919 saeculi
1166 1859 1396 1921 initium
1451 1860 1543 1921 vel
1597 1859 1794 1940 paullo
1853 1868 1987 1921 ante
2041 1861 2300 1937 primum
2343 1861 2606 1921 instituta

374 1967 479 2029 est.
570 1961 674 2021 Est
715 1963 859 2024 mihi
904 1963 977 2024 de
1021 1964 1132 2026 hac
1175 1983 1242 2026 re
1289 1967 1706 2029 documentum
1748 1966 2044 2045 quoddam
2075 1967 2209 2026 anni
2247 1965 2440 2035 1308;
2488 1983 2605 2044 quo

373 2085 555 2146 quum
610 2069 767 2129 haud
822 2072 1003 2132 sciam
1060 2090 1133 2131 an
1189 2073 1483 2153 antiquius
1539 2075 1656 2135 iam
1714 2079 1971 2143 constet,
2028 2071 2126 2132 hic
2169 2088 2289 2131 non
2333 2073 2603 2132 omitten-

374 2173 515 2236 dum
560 2176 716 2236 duxi

630 2282 1015 2343 Serenissimo
1063 2290 1120 2343 et
1148 2286 1516 2361 potentissim
1548 2287 1702 2346 odfio
1735 2286 1977 2346 hanrico
2017 2283 2111 2344 dei
2150 2283 2335 2362 gratia
2364 2282 2605 2342 Boemie

412 2468 413 2471 Ἴ
457 2387 603 2465 Regi
631 2386 848 2448 Illustri
891 2387 1210 2465 plurimum
1252 2389 1600 2452 honorando
1629 2393 1841 2453 Petrus
1872 2391 2205 2452 Gradonico
2237 2388 2442 2450 eadem
2473 2405 2604 2466 gra-

458 2490 536 2553 tia
581 2498 689 2554 etc.
737 2493 983 2557 salutem
1031 2502 1088 2557 et
1130 2498 1316 2558 votive
1360 2498 1649 2561 felicitatis
1694 2506 1751 2561 et
1795 2498 1979 2578 glorie
2022 2497 2453 2558 incrementum
2464 2492 2531 2576 ²)

627 2601 1003 2680 Expositione
1048 2605 1274 2684 providi
1316 2606 1423 2667 viri
1452 2606 1739 2668 Johannis
1784 2607 1857 2667 de
1904 2605 2132 2672 Avanzo
2190 2604 2376 2663 nostri
2419 2602 2606 2663 fidelis

458 2724 648 2785 nuper
691 2709 1034 2782 habuimuS,
1093 2713 1250 2791 quod
1305 2713 1447 2774 dum
1499 2712 1657 2772 idem
1701 2695 2002 2775 ,Iohannes
2047 2729 2155 2771 suo
2201 2718 2259 2770 et
2314 2710 2607 2771 societatis

456 2831 563 2874 sue
609 2816 844 2875 nomine
886 2835 995 2894 per
1040 2819 1334 2896 quendam
1378 2819 1764 2897 negociorum
1809 2837 2054 2879 suorum
2110 2824 2438 2896 gestorem,
2498 2835 2603 2877 no-

456 2919 613 2979 mine
660 2923 785 2981 cozi
828 2921 1088 2982 vidalotti
1133 2924 1207 2984 de
1251 2924 1494 2986 floreno.
1544 2926 1617 2986 ad
1669 2933 1869 3004 partes
1924 2924 2093 3003 regni
2146 2926 2323 2984 vestri
2366 2924 2606 2985 Boemie

446 3027 739 3101 quendam
784 3025 1087 3089 faldonum
1131 3019 1328 3109 magni
1372 3032 1585 3093 valoris
1630 3032 1855 3093 dudum
1899 3031 2174 3101 misisset,
2223 3049 2339 3109 quo
2370 3031 2607 3092 faldono

458 3131 676 3193 ibidem
730 3134 969 3195 dimisso
1025 3153 1208 3215 penes
1252 3138 1599 3199 Nieholaum
1655 3139 1731 3199 de
1785 3123 1921 3217 pola
1979 3145 2036 3197 et
2091 3137 2474 3198 Marcolinum
2535 3137 2608 3198 de

459 3237 838 3318 bonensegna
892 3249 1126 3304 nostros
1180 3242 1383 3305 fideles
1443 3244 1726 3322 degentes
1784 3244 1855 3303 in.
1907 3242 2173 3320 partibus
2238 3244 2605 3321 supradictiS,

459 3343 614 3404 idem
660 3347 784 3405 eozi
828 3347 902 3407 ad
955 3349 1061 3409 has
1113 3357 1310 3428 partes
1367 3369 1640 3412 reversus
1697 3357 1755 3411 et
1806 3349 2184 3427 postmodum
2241 3348 2609 3410 discordatus

390 3480 397 3483 ·
461 3449 534 3510 ab
582 3452 786 3514 eodem
818 3452 1086 3515 Johanne
1131 3456 1203 3516 ad
1248 3456 1601 3518 ablationem
1645 3457 1783 3518 dicti
1828 3455 2045 3516 faldoni
2091 3454 2303 3514 dicitur
2348 3455 2608 3532 aspirare

462 3554 653 3632 ipsum
702 3556 871 3640 [sci-]
917 3559 1054 3621 licet
1097 3562 1463 3623 mendacitur
1507 3579 1777 3623 asserens
1822 3580 1952 3622 esse
1995 3578 2167 3621 suum
2202 3595 2272 3604 —
2312 3595 2381 3604 -
2418 3595 2488 3604 —
2534 3596 2600 3604 —

462 3663 846 3724 Serenitatem
891 3666 1133 3746 Regiam
1177 3674 1394 3729 attente
1447 3686 1758 3747 rogamus,
1817 3675 2133 3749 quatenuS,
2192 3667 2239 3725 si
2297 3665 2455 3744 quod
2499 3665 2607 3725 im-

458 3769 860 3846 pedimentum
916 3774 1281 3852 contingeret
1333 3775 1462 3838 fieri
1526 3775 1832 3836 occasione
1895 3774 2161 3852 predicta
2216 3771 2470 3833 Johanni
2537 3771 2610 3831 de

510 4039 561 4104 1)
609 4043 799 4092 Mone
838 4042 872 4092 l.
914 4043 950 4092 l.
988 4057 1115 4108 pag.
1157 4040 1221 4092 18
1256 4049 1313 4094 et
1349 4044 1510 4094 alias,

506 4128 560 4192 2)
613 4129 799 4180 Codex
832 4131 1208 4195 Epistolarum
1253 4135 1410 4184 Num.
1453 4132 1567 4183 105.
1626 4131 2032 4198 Intelligendus
2070 4136 2155 4181 est
2188 4131 2466 4181 Hem-icus
2501 4130 2606 4179 Bo·

371 4215 590 4268 hemiae
617 4234 735 4281 rex,
765 4219 1089 4270 carinthiae
1117 4221 1248 4284 dux,
1278 4220 1346 4269 de
1373 4236 1477 4284 quo
1502 4236 1670 4287 supra
1697 4220 1845 4286 (pag.
1872 4218 1951 4269 19.
1974 4236 2026 4268 n.
2054 4218 2122 4283 1.)
2148 4220 2400 4270 diximus·
2451 4220 2608 4269 Tunc

372 4306 593 4369 quidem
619 4306 797 4358 adhuc
824 4324 1021 4361 revera
1045 4324 1275 4375 regnum
1301 4309 1619 4372 obtinebat,
1662 4310 1804 4374 quod
1828 4324 1951 4359 mox
1975 4309 2234 4375 perdidit.

2266 4395 2303 4455 3
