3049 5048
1507 273 1588 334 28

436 474 563 528 tum
608 467 743 526 anni
797 465 952 524 1244
1000 465 1073 524 de
1117 462 1393 541 portoriis
1436 463 1508 522 ad
1553 461 1766 522 urbem
1796 461 2081 520 Neustadt
2126 458 2519 540 [Wienerisch
2565 459 2667 539 N.]

439 573 761 640 solvendiS,
793 572 851 630 in
885 588 1000 648 quo
1034 569 1208 630 verba
1240 568 1613 628 inveniuntur
1643 568 1819 627 haec:
1866 563 2048 625 Item
2079 565 2347 625 Veneti
2392 563 2671 625 dabunt

438 679 523 738 de
568 679 782 738 Saum
825 676 1106 753 viginti
1151 681 1471 753 quatuor
1502 675 1968 734 frisacenses
2010 671 2401 740 denarioS,
2448 669 2519 729 in
2548 689 2665 757 re-

439 783 598 843 ditu
643 800 817 842 vero
861 781 1249 841 duodecim
1295 781 1757 841 frisacenses
1813 784 1883 838 et
1937 777 2259 854 triginta
2316 777 2668 837 denarios

439 889 897 949 Viennenses
922 885 984 967 ¹).
1087 886 1250 956 Quae
1295 886 1556 965 quamvis
1614 883 1770 945 clare
1817 890 1875 943 et
1918 883 2225 943 manifesto
2271 889 2665 943 mercaturam

420 993 1070 1057 vAustriaco-Venetam
1134 993 1249 1052 iam
1315 991 1508 1052 medio
1575 989 1809 1051 saeculo
1872 987 2006 1047 XIII
2064 989 2358 1049 vindicare
2433 989 2665 1049 videan-

436 1109 560 1171 tur,
608 1102 717 1161 fuit
758 1107 954 1160 tamen
1000 1099 1099 1176 qui
1144 1097 1217 1157 de
1261 1116 1327 1158 re
1372 1098 1771 1158 contenderet.
1861 1094 2219 1173 Argumenta
2275 1104 2472 1157 tamen
2518 1115 2668 1176 quae

437 1214 640 1268 contra
696 1206 1050 1273 afferuntur,
1113 1222 1230 1264 non
1285 1204 1605 1264 admodum
1662 1200 1848 1262 valida
1906 1202 2177 1263 existunt.
2277 1202 2668 1265 Hullmannus

438 1315 592 1374 enim
636 1313 822 1391 priori
869 1317 1136 1387 tempore
1181 1315 1524 1371 terrestrem
1557 1308 1913 1370 Venetorum
1944 1316 2338 1371 mercaturam
2383 1319 2670 1390 „propter

434 1422 611 1480 situm
666 1417 870 1478 urbis“
927 1434 1048 1476 non
1092 1417 1416 1486 „activam“
1472 1416 1577 1476 sed
1634 1402 2003 1493 „passiram‘
2069 1416 2249 1477 fuisse
2307 1394 2684 1499 contendit²)⁶

436 1526 514 1603 (id
560 1525 717 1604 quod
762 1529 886 1584 tum
933 1542 1004 1583 ex
1050 1524 1164 1583 situ
1209 1522 1375 1583 urbis
1418 1523 1759 1600 neutiquam
1791 1521 2060 1582 concludi
2090 1529 2313 1600 potest,
2361 1524 2459 1602 qui
2506 1527 2667 1584 omni

434 1640 702 1709 tempore
745 1630 900 1691 idem
944 1631 1084 1699 fuit,
1131 1636 1256 1689 tum
1290 1629 1362 1688 iis
1391 1629 1710 1697 refutatur,
1759 1645 1909 1706 quae
1938 1635 2107 1689 antea
2138 1628 2668 1692 demonstravimus

436 1759 485 1800 e.
534 1757 621 1818 gr.
671 1756 740 1798 eo
786 1739 1139 1799 documento
1184 1735 1322 1795 anni
1357 1733 1553 1803 1226,
1601 1733 1759 1812 quod
1803 1751 1936 1811 pag.
1989 1734 2066 1793 17
2105 1734 2424 1817 dedimus);
2471 1738 2668 1816 itaque

434 1851 500 1906 ut
544 1864 612 1904 ex
659 1845 771 1904 isto
817 1844 1171 1904 documento
1203 1839 1455 1901 Venetos
1499 1841 1560 1898 in
1589 1837 1819 1899 Austria
1849 1842 2214 1919 negotiantes
2245 1844 2501 1914 auferat,
2547 1862 2666 1904 non

434 1951 608 2012 ltalos
652 1950 874 2011 scilicet
914 1948 1046 2009 illos
1090 1948 1267 2009 fuisse
1313 1948 1419 2014 ait,
1475 1946 1581 2006 sed
1636 1963 1737 2006 eos
1781 1944 2032 2007 Venetos
2085 1948 2360 2019 indicari,
2408 1952 2505 2029 qui
2557 1968 2668 2029 per

432 2057 791 2118 Carinthiam
837 2064 895 2117 et
945 2053 1274 2117 Carniolam
1319 2053 1541 2130 degunt
1572 2050 1897 2131 (Wenden).
1987 2051 2114 2113 Vim
2159 2053 2353 2114 verbis
2409 2055 2520 2115 hac
2565 2074 2665 2115 ex-

432 2161 747 2240 plicatione
790 2164 995 2224 inferri
1039 2181 1213 2223 nemo
1258 2176 1378 2221 non
1421 2157 1607 2225 videt;
1666 2156 1740 2218 de
1784 2158 1925 2234 ipsis
1969 2159 2186 2219 nostris
2231 2158 2466 2221 Venetis
2508 2161 2667 2223 haud

433 2267 611 2330 dubie
657 2269 1050 2346 cogitandum.
1478 2266 1491 2275 ‘

603 2373 688 2433 De
744 2373 832 2434 via
889 2381 1112 2443 autem,
1177 2391 1291 2452 qua
1350 2373 1412 2430 in
1466 2369 1580 2430 hac
1622 2370 1864 2448 regione
1907 2369 2267 2449 procedebat
2310 2380 2664 2444 mercatura,

430 2483 584 2544 varia
617 2487 846 2543 exstant
891 2481 1259 2543 documenta.
1349 2476 1543 2557 Magni
1586 2475 1668 2537 illi
1711 2483 2006 2538 mercatus
2036 2477 2333 2560 Aquilejae
2365 2482 2660 2560 quondam

431 2590 613 2650 hahiti
658 2567 809 2669 (pag.
843 2587 923 2649 23
958 2605 1015 2646 n.
1049 2585 1128 2666 4.)
1175 2585 1433 2661 primum
1479 2585 1633 2645 hanc
1672 2585 1823 2643 viam
1864 2583 2181 2646 Austriacis
2231 2585 2666 2649 'demonstrasse
2779 2586 2794 2594 ”

430 2695 736 2774 probabile
782 2701 870 2755 est
886 2691 951 2772 3).
1042 2689 1175 2751 Mox
1222 2689 1334 2750 alio
1379 2690 1588 2749 itinere
1631 2706 1740 2766 per
1783 2696 2004 2751 terram
2050 2690 2512 2753 Foroiuliensem
2561 2713 2666 2754 eos

430 2819 744 2864 accurrere
786 2783 1093 2872 iidemu&
1125 2797 1281 2856 varia
1309 2795 1440 2857 loca
1467 2797 1876 2866 nominantur,
1909 2815 2059 2875 quae
2088 2806 2447 2860 mercatores
2476 2808 2665 2862 trans-

430 2908 608 2986 alpini
660 2908 721 2967 in
771 2906 886 2967 hoc
941 2903 1149 2962 itinere
1193 2903 1479 2980 attingere
1524 2901 1819 2970 solebant;
1880 2922 1930 2962 e.
1990 2920 2078 2980 gr.
2125 2903 2452 2967 Tarvisium
2499 2909 2664 2984 (Tre-

428 3015 569 3094 viso)
597 3009 674 3093 ⁴¹),
746 3011 960 3071 Portus
1027 3008 1445 3088 (Portogruaro
1512 3008 1603 3070 vel
1658 3006 2122 3088 Pordenone)⁵)‚
2193 3009 2475 3073 Glemona
2533 3013 2667 3094 (iam

372 3145 375 3148 “
429 3120 690 3180 Gemona
752 3116 825 3177 ad
881 3118 1247 3195 superiorem
1291 3115 1576 3177 Tilaventi
1632 3114 1889 3174 fluminis
1932 3122 2161 3191 partem
2218 3115 2343 3196 sita)
2370 3115 2447 3197 6),
2517 3117 2666 3178 Ven-

428 3246 575 3288 zone
631 3225 833 3305 (germ.
891 3222 1329 3295 Peuscheldorf,
1375 3242 1565 3303 prope
1610 3221 1860 3282 confinia
1891 3219 2221 3282 Carinthiae
2265 3222 2325 3281 in
2369 3224 2669 3285 montibus

427 3335 623 3414 situm)
655 3331 698 3413 ⁷)
717 3380 732 3403 ,
801 3331 1068 3392 Latisana
1130 3338 1188 3392 et
1254 3330 1363 3391 alia
1421 3347 1573 3409 quae
1627 3324 1973 3410 praetereo.{
2064 3327 2150 3388 Ex
2206 3329 2299 3389 his
2355 3328 2508 3390 linea
2553 3332 2667 3391 iam

566 3588 616 3653 1)
662 3589 1021 3650 Hormayr,
1060 3583 1468 3636 Tasehenbueh
1505 3582 1596 3633 fiir
1628 3580 1719 3631 die
1755 3581 2064 3631 vaterlitnd.
2106 3580 2461 3634 Gesehichte.
2517 3583 2666 3634 1812.

428 3679 669 3746 pag.77.

561 3768 613 3832 2)
663 3765 1037 3818 Hiillmann
1071 3764 1368 3815 deutsches
1407 3763 1791 3813 Stadtewesen
1826 3761 1869 3809 Ι.
1907 3775 2035 3825 pag.
2073 3759 2191 3811 346.

560 3856 614 3921 3)
662 3857 1018 3918 Hormayr,
1074 3850 1647 3916 kritiseh·diplomat.
1695 3849 1963 3915 Beitrage
2018 3866 2065 3900 z.
2107 3850 2310 3903 Geseh.
2348 3852 2546 3916 Tyrols
2594 3853 2669 3903 im

425 3944 763 3998 Mittelalter
796 3944 869 3994 ΙΙ.
910 3940 1027 3992 391.
1064 3938 1180 3991 392.

564 4034 617 4098 4)
667 4034 860 4083 Mone
897 4031 933 4083 1.
968 4031 1007 4082 1.
1046 4047 1173 4097 pag.
1215 4029 1296 4081 18.

568 4123 621 4189 5)
670 4123 812 4172 Ibid.
852 4137 979 4188 pag.
1025 4119 1108 4172 30.

559 4212 613 4277 6)
661 4210 802 4262 Ibid.
840 4228 968 4279 pag.
1007 4210 1090 4262 30.
1141 4212 1457 4273 Raumer,
1495 4208 1926 4260 Hohenstaufen
1959 4208 2009 4258 V
2042 4224 2170 4273 pag.
2210 4206 2326 4258 393.

559 4303 612 4368 7)
660 4303 837 4354 Kurz
874 4301 1214 4354 Geschichte
1251 4302 1352 4353 des
1386 4299 1650 4353 ostreich.
1687 4298 1956 4350 Handels.
2030 4299 2266 4365 Beilage
2301 4283 2527 4349 XLVII.
