3049 5048
1479 265 1555 324 51

397 449 509 508 hac
553 449 639 506 via
698 464 937 507 caussae
996 445 1459 524 explicarentur3
1519 457 1833 527 appareret
1884 449 2052 519 inde,
2115 456 2366 528 quantae
2421 451 2640 512 fuerint

396 554 695 630 impensae
740 570 774 612 a
817 553 1248 614 mercatoribus
1292 553 1509 623 factae,
1570 561 1856 632 quantum
1911 574 2118 616 verum
2172 554 2403 618 lucrum
2449 555 2523 617 ab
2568 557 2652 627 iis„

395 660 757 739 profectum3
805 650 1180 728 cerneretur,
1243 677 1393 738 quae
1436 661 1841 722 intercesserit
1893 662 2068 739 pretii
2113 661 2440 724 differentia
2481 665 2638 723 inter

393 785 492 828 res
549 768 831 845 cuiusque
886 773 1083 826 terrae
1138 765 1481 827 vernaculas
1540 773 1600 826 et
1658 783 1755 826 eas
1815 753 1966 845 quae
2010 775 2411 828 mercatorum
2456 785 2637 846 opera

395 873 867 941 advehebantur,
913 870 1089 931 simul
1133 889 1247 950 qua
1290 873 1677 950 proportione
1732 871 1847 933 hoc
1906 872 2124 933 factum
2184 874 2260 933 sit
2303 872 2636 951 quibusque

399 981 473 1041 de
520 981 757 1042 caussis

568 1087 684 1147 Sed
743 1104 813 1146 eo
872 1104 1110 1166 quoque
1167 1104 1288 1146 non
1345 1086 1646 1148 sufficiunt
1683 1066 2070 1145 ⁸documenta
2129 1083 2323 1145 adhuc
2378 1085 2629 1145 inventa.

398 1190 567 1262 Quod
613 1192 662 1251 si
707 1191 838 1270 quis
883 1209 934 1252 e.
982 1209 1070 1270 gr.
1119 1208 1478 1271 componere
1521 1189 1788 1252 studeret
1829 1190 2157 1268 impensaS,
2213 1206 2363 1268 quas
2406 1206 2633 1250 merca-

394 1301 490 1353 tor
532 1293 923 1374 Norimberga
968 1297 1238 1359 Venetias
1297 1298 1679 1376 proficiscens
1740 1314 1810 1357 ex
1868 1293 2249 1374 vectigalibus
2306 1295 2367 1355 in
2424 1296 2634 1355 itinere

397 1399 688 1462 solvendis
734 1408 895 1462 certo
942 1403 1201 1481 quodam
1230 1410 1501 1483 tempore
1530 1401 1831 1470 habuerit,
1877 1400 2005 1462 fieri
2035 1418 2176 1461 sane
2204 1399 2319 1461 hoc
2348 1417 2467 1460 non
2497 1417 2633 1478 pos-

396 1512 514 1575 set,
563 1507 839 1584 quoniam
883 1526 994 1569 nec
1038 1508 1198 1579 loca,
1245 1529 1355 1572 nec
1399 1508 1685 1577 formulas
1743 1525 1949 1568 omnes
2008 1507 2270 1584 cognitas
2327 1505 2632 1577 hahemus,

394 1611 608 1691 quibus
651 1613 951 1691 vectigalia
1001 1614 1404 1693 exigebantur.
1494 1615 1584 1675 Ne
1626 1614 1706 1674 in'
1731 1613 1951 1674 fontico
1995 1612 2459 1674 Teutonicorum
2504 1615 2631 1693 qui-

393 1717 558 1788 dem,
606 1719 680 1780 de
725 1737 842 1798 quo
887 1718 997 1780 alia
1041 1721 1226 1782 multa
1267 1719 1481 1782 tradita
1526 1724 1693 1788 sunt,
1755 1737 1907 1798 quae
1950 1719 2170 1781 fuerint
2213 1717 2432 1780 tributa
2475 1736 2630 1781 mer·
2655 1766 2672 1779 ,

396 1825 693 1887 catoribus
737 1825 954 1886 nostris
996 1825 1275 1888 solvenda
1319 1832 1595 1887 accurate
1639 1824 1895 1886 describi
1936 1830 2154 1902 potest.

557 1930 684 1992 Hoc
727 1932 906 2010 igitur
935 1931 1226 2008 imprimis
1271 1950 1420 2011 opus
1453 1938 1572 2001 est,
1618 1938 1685 1993 ut
1725 1929 2093 2008 vectigalium
2134 1929 2423 1992 formulae
2453 1949 2630 2010 quam

389 2034 677 2112 plurimae
721 2037 982 2115 undique
1013 2036 1391 2115 colligantur,
1437 2055 1643 2100 rerum
1686 2035 1979 2098 venalium
2009 2034 2228 2113 pretia,
2276 2055 2427 2114 quae
2456 2037 2630 2097 variis
2679 2090 2690 2096 -

389 2140 756 2218 temporibus
801 2149 858 2202 et
901 2141 1045 2204 locis
1088 2143 1386 2214 valebant,
1448 2163 1627 2224 quam
1685 2142 2122 2204 accuratissime
2179 2149 2626 2219 componantur.

390 2244 681 2307 Nomiulla
725 2263 865 2307 sane
908 2249 969 2308 in
1012 2249 1124 2311 hac
1167 2267 1235 2310 re
1280 2248 1523 2310 collecta
1580 2251 1697 2310 iam
1756 2255 1923 2317 sunt;
1984 2246 2253 2326 pluribus
2312 2265 2460 2325 opus
2520 2255 2625 2318 est,

350 2346 360 2357 ’
391 2352 667 2430 quoniam
708 2352 1060 2416 inductionis
1104 2354 1227 2416 sola
1269 2355 1359 2415 via
1391 2362 1507 2426 est,
1568 2374 1682 2434 qua
1725 2360 1888 2414 recte
1943 2352 2003 2413 in
2057 2352 2392 2415 huiusmodi
2446 2354 2627 2416 rebus

385 2448 578 2519 incedi
631 2467 854 2538 potest3
916 2468 1116 2522 coacta
1162 2478 1335 2541 quam
1385 2460 1686 2521 uberrima
1734 2460 2141 2539 exemplorum
2172 2460 2339 2539 copia
2384 2477 2456 2521 ex
2501 2477 2625 2519 om-

388 2563 562 2626 nibus
606 2566 974 2645 temporibus
1020 2574 1078 2629 et
1120 2566 1264 2628 locis
1321 2568 1533 2646 petita,
1595 2567 1722 2627 fieri
1781 2565 1921 2627 olim
1965 2567 2212 2645 poterit,
2274 2573 2341 2627 ut
2384 2572 2626 2627 externa

384 2670 672 2734 linearum
720 2674 1185 2752 circumscriptio
1231 2672 1404 2735 etiam
1448 2653 1667 2732 intimis
1709 2690 1912 2733 rerum
1942 2673 2256 2740 momentis
2300 2679 2358 2733 et
2386 2673 2627 2750 propria
2719 2699 2728 2707 ¹

387 2784 596 2839 natura
641 2779 1046 2859 adimpleatur.
1205 2784 1212 2789 '
