3049 5048
1541 271 1625 335 32

464 488 563 530 eas
608 470 843 547 quoque
888 465 1236 528 Germaniae
1279 468 1478 540 partes
1520 461 1725 539 paucis
1755 456 2211 536 perlustramus,
2260 469 2411 530 quae
2440 450 2700 511 secundo

469 573 901 653 quodammodo
933 573 1139 634 ordine
1185 589 1320 632 cum
1350 567 1705 628 Venetorum
1739 569 2069 624 mercatura
2116 559 2450 651 cohaerent.
2539 555 2700 626 Quae

468 681 671 757 paucis
731 678 1080 757 quibusdam
1139 674 1356 734 notitiis
1412 677 1640 731 tantum
1698 669 1994 747 attingam.
2099 666 2456 728 Mercatores
2499 662 2701 725 Veneti

471 783 691 844 scilicet
735 801 832 843 eas
876 784 1147 862 regiones
1177 779 1426 858 agressi,
1475 795 1620 856 quas
1649 777 1765 836 iam
1795 774 2241 853 descripsimuS,
2287 790 2426 833 mox
2456 769 2700 831 ulterius

466 888 792 965 procedere
816 890 1180 966 *inceperunt
1236 892 1292 945 et
1344 884 1405 943 in
1464 891 1651 944 terras
1706 884 2054 945 remotiores
2098 886 2491 942 mercaturam
2534 893 2698 936 suam

469 994 801 1054 extendere.
893 993 1021 1064 Quo
1066 993 1165 1060 fit',
1212 996 1278 1050 ut
1322 1008 1424 1055 eae
1456 991 1745 1060 civitateS,
1793 974 2144 1069 quibuscum
2173 985 2489 1065 praecipue
2519 998 2697 1058 nego-

465 1101 596 1159 tiari
642 1100 845 1160 Veneti
889 1098 1184 1167 solebant,
1242 1095 1400 1157 velut
1443 1095 1859 1173 Norimberga,
1918 1092 2262 1162 Ratishona,
2322 1090 2539 1153 Vienna
2587 1093 2694 1148 etc.

468 1206 583 1265 iam
629 1224 698 1265 eo
744 1224 979 1284 quoque
1023 1211 1296 1283 respectu
1327 1203 1442 1261 sint
1486 1201 1975 1269 considerandae,
2024 1198 2181 1277 quod
2210 1215 2323 1276 per
2363 1195 2598 1256 easdem
2631 1194 2698 1253 in

469 1312 742 1390 regiones
785 1311 1058 1371 finitimas
1103 1316 1161 1370 et
1203 1309 1551 1370 remotiores
1609 1308 1935 1368 transire
1979 1310 2338 1366 mercatores
2384 1318 2695 1362 consueve-

465 1422 621 1476 runt.
712 1415 914 1493 Neque
960 1415 1088 1475 dico
1134 1415 1207 1475 de
1253 1434 1319 1476 ea
1364 1416 1789 1475 transvectione
1834 1412 2152 1480 mercium,
2216 1428 2365 1488 quae
2422 1427 2529 1486 per
2571 1406 2698 1467 illas

428 1520 437 1523 “
469 1520 726 1580 civitates
770 1515 948 1580 fiebat
998 1556 1064 1564 —
1116 1539 1265 1599 quae
1295 1521 1413 1582 huc
1443 1540 1562 1582 non
1605 1523 1888 1600 pertinet;
1936 1518 2039 1579 sed
2070 1515 2560 1578 considerandum
2592 1522 2695 1584 est,

470 1642 619 1702 quae
661 1625 814 1685 inter
859 1625 1069 1687 harum
1115 1628 1462 1688 Germaniae
1506 1628 1759 1705 partium
1806 1625 2026 1687 incolas
2082 1630 2139 1684 et
2182 1622 2434 1684 Venetos
2479 1623 2697 1683 directa

469 1730 800 1790 coniunctio
845 1732 1256 1792 intercesserit.
1360 1733 1517 1794 Haec
1577 1752 1714 1794 vero
1770 1751 1868 1793 res
1923 1729 2259 1792 reducenda
2306 1731 2417 1790 erit
2459 1729 2531 1788 ad
2576 1735 2697 1788 tres

470 1836 815 1913 praecipuas
858 1836 1169 1897 fluviorum
1213 1837 1420 1909 lineaS,
1469 1859 1619 1919 quae
1663 1858 1771 1918 per
1816 1839 2189 1900 Germaniam
2225 1835 2479 1896 mediam
2525 1842 2583 1895 et
2610 1835 2696 1896 in-

467 1942 744 2002 feriorem
789 1943 1195 2021 reperiuntur3
1252 1944 1357 2004 has
1403 1951 1715 2024 sequentes
1770 1945 2102 2005 notabimus
2153 1952 2275 2004 tres
2318 1943 2499 2003 urbes
2542 1942 2698 2007 velut

469 2049 785 2124 praecipua
829 2050 888 2108 in
933 2049 1024 2109 his
1068 2049 1407 2127 regionibus
1451 2057 1818 2111 mercaturae
1849 2049 2102 2110 Venetae
2147 2051 2436 2128 emporia:
2484 2049 2694 2111 Colo-

464 2153 696 2224 niam,
768 2173 917 2233 quae
973 2155 1045 2215 ad
1102 2155 1322 2225 Rheni,
1381 2154 1725 2233 Pragam,
1785 2175 1934 2235 quae
1979 2157 2050 2217 ad
2096 2156 2285 2225 Albis,
2335 2153 2693 2216 Vratisla-

467 2258 653 2318 viam
700 2277 848 2337 quae
894 2259 967 2320 ad
1012 2259 1208 2320 Viadri
1251 2259 1468 2321 lineam
1513 2264 1799 2339 pertinet;
1856 2263 1990 2323 inde
2048 2265 2096 2322 si
2151 2282 2184 2322 a
2239 2261 2579 2324 fluminibus
2623 2264 2693 2324 ad

465 2382 568 2422 ora
626 2365 943 2440 procedas,
1001 2366 1111 2424 tria
1168 2367 1350 2425 maria
1403 2368 1494 2428 his
1554 2371 1829 2447 emporiis
1886 2367 2196 2446 complecti
2249 2369 2691 2439 animadvertes,

466 2466 848 2541 Atlanticum,
897 2471 1053 2550 quod
1100 2477 1371 2543 vocatur,
1419 2474 1875 2555 septentrionale
1921 2482 1979 2536 et
2020 2474 2316 2536 balticum.

634 2575 718 2636 De
762 2578 851 2637 via
897 2577 1086 2637 Rheni
1131 2579 1245 2638 iam
1291 2597 1470 2657 supra
1516 2563 1802 2658 quaedam
1849 2599 1881 2641 a
1926 2580 2097 2640 nobis
2128 2589 2265 2642 sunt
2306 2591 2521 2644 notata.
2610 2585 2694 2645 Ea

461 2682 779 2759 praecipue
837 2684 1307 2745 coniunctionem
1366 2685 1545 2746 efficit
1597 2686 1749 2747 inter
1794 2686 2169 2747 Germaniam
2227 2691 2594 2767 superiorem
2638 2698 2695 2751 et

460 2786 942 2847 territorium
989 2789 1502 2852 hanseaticum
1549 2790 2035 2852 occidentale.
2098 2794 2215 2853 Sed
2245 2793 2517 2855 Venetiae
2549 2814 2732 2875 quo-¹

462 2909 576 2968 que
621 2889 818 2952 locum
861 2894 921 2954 in
968 2913 1034 2955 ea
1080 2896 1362 2958 habuere.
1451 2896 1574 2957 Iam
1630 2895 1864 2957 saeculo
1921 2896 2049 2958 XIV
2093 2898 2401 2962 Flandriae
2447 2909 2505 2961 et
2547 2902 2689 2962 Bra-

458 2993 689 3056 hantiae
740 2997 921 3059 urbes
977 3017 1009 3059 a
1067 3002 1496 3063 mercatoribus
1553 3003 1786 3063 Venetis
1843 3008 2002 3063 terra
2058 3004 2238 3066 fuisse
2295 3008 2692 3085 frequentatas

458 3117 637 3177 supra
680 3102 964 3174 vidimus:
1009 3106 1120 3166 tria
1166 3107 1404 3168 fuerunt
1445 3107 1685 3176 itinera,
1734 3108 1947 3186 quibus
1976 3107 2115 3169 illuc
2158 3112 2399 3187 procedi
2429 3120 2687 3190 poterat:

460 3209 862 3275 „caminum
906 3209 1165 3278 Basle“
1213 3212 1289 3289 (h.
1350 3233 1399 3274 c.
1446 3213 1728 3294 Basileae)
1789 3214 2199 3283 „caminum
2257 3217 2341 3277 de
2396 3218 2685 3281 Norim-

456 3311 761 3391 bergo“,
808 3314 1060 3397 denique
1103 3322 1527 3390 „caminum
1572 3320 1657 3380 de
1701 3318 2153 3402 Francia“¹).
2245 3322 2331 3382 Ex
2362 3323 2575 3402 quibus
2605 3324 2686 3386 al-

457 3428 652 3482 terum
697 3422 1215 3505 Norimhergense·
1237 3428 1489 3487 maxime
1534 3427 1680 3487 adiri
1731 3426 1984 3497 solebat;
2043 3446 2075 3487 a
2120 3427 2506 3507 Norimberga
2551 3431 2686 3491 inde

456 3528 658 3591 Veneti
688 3531 953 3609 ipsorum
982 3521 1564 3611 Norimbergensium
1599 3532 1831 3611 vestigia
1862 3533 2288 3612 sequebantur,
2328 3535 2541 3613 quibus
2569 3519 2704 3597 iam¹
2757 3547 2762 3552 '

456 3632 559 3693 diu
613 3653 748 3695 cum
809 3637 1094 3708 Anversa,
1151 3638 1370 3716 Brugia
1424 3638 1785 3719 reliquisque
1851 3639 2159 3701 Flandriae
2220 3648 2278 3700 et
2332 3633 2683 3705 Brabantlae

452 3738 700 3799 urbibus
744 3739 993 3802 multum
1038 3743 1146 3803 fuit
1191 3746 1546 3805 commercii.
1637 3745 2093 3806 Francofurtum
2150 3753 2207 3807 et
2250 3746 2488 3808 Colonia
2531 3749 2685 3810 inter

452 3846 801 3925 praecipuas
845 3848 1122 3909 stationes
1164 3850 1542 3911 nominantur
1557 3847 1622 3931 2).
1719 3851 1867 3912 Item
1920 3862 2278 3915 mercatores
2311 3853 2684 3917 Colonienses

588 4183 636 4249 l)
685 4187 880 4237 Mone
916 4188 952 4238 l.
989 4188 1025 4238 l.
1062 4203 1190 4254 pag.
1228 4186 1311 4237 20.
1348 4188 1408 4236 in
1442 4185 1772 4240 documento
1810 4192 1943 4241 anni
1981 4191 2127 4243 1351.

580 4275 634 4338 2)
685 4275 1059 4327 Hiillmann
1093 4277 1144 4326 d.
1182 4276 1565 4331 Stttdtewesen
1598 4280 1643 4329 I.
1681 4296 1809 4346 pag.
1848 4280 1966 4332 389.
