3049 5048
1531 245 1608 304 14

628 435 751 495 Iam
795 434 868 493 de
912 431 1234 509 Augusta
1280 431 1825 491 vindelicorum
1868 428 2245 507 loquendum.
2289 425 2697 486 Romanorum

461 542 606 601 haec
667 557 900 616 quoque
957 539 1190 616 antiqua
1236 539 1344 598 fuit
1389 537 1645 605 colonia,
1693 537 1751 596 in
1785 553 2032 614 quarum
2078 533 2375 612 plerisque
2418 530 2575 592 velut
2620 548 2698 590 ex

458 645 769 706 traditione
814 644 1102 723 quaedam
1146 649 1513 703 mercaturae
1557 642 1793 719 vestigia
1837 658 1945 718 per
1990 659 2194 701 omnes
2237 648 2572 718 temporum
2613 638 2700 697 vi-

463 750 829 811 cissitudines
887 750 1106 810 servari
1151 749 1434 809 solebant.
1524 746 1731 824 Magna
1790 747 1848 806 in
1903 747 2018 808 hoc
2074 765 2309 827 quoque
2352 745 2484 806 loco
2526 750 2697 805 natu-

463 875 565 917 rae
611 856 1043 934 opportunitaS‚
1091 873 1232 932 ager
1274 854 1506 924 fertilis,
1556 871 1840 931 aquarum
1882 854 2075 930 copia,
2122 853 2267 914 situs
2306 853 2459 913 inter
2500 849 2698 930 AlpeS,

465 963 766 1032 Rhenum,
813 962 1144 1022 Danubium
1185 962 1349 1040 quasi
1378 958 1787 1028 intermedius;
1815 956 2007 1018 ‘Licus
2035 957 2281 1029 flumen,
2331 960 2430 1023 cui·
2454 957 2696 1026 adiacet,

464 1069 647 1129 altera
715 1087 781 1128 ex
853 1074 1021 1145 parte
1095 1066 1344 1127 Danubii
1414 1064 1848 1144 quodammodo
1911 1064 2227 1142 participes
2299 1065 2698 1144 Augustenses

464 1174 675 1243 reddit,
732 1172 913 1235 altera
969 1172 1220 1233 Tiroliae
1274 1171 1493 1231 aditum
1539 1172 1622 1230 eis
1668 1170 2028 1230 demonstrat
2073 1176 2131 1229 et
2175 1171 2387 1248 aperit,
2434 1169 2592 1230 unde
2635 1169 2697 1228 in

466 1278 689 1339 Italiam
744 1295 994 1355 pergere
1048 1278 1291 1355 possint.
1323 1273 1365 1355 ¹)
1422 1275 1544 1336 Iam
1596 1273 1831 1335 saeculo
1875 1273 1953 1335 XI
2008 1275 2347 1353 frequentes
2401 1273 2697 1352 Augustae

467 1385 647 1445 fuisse
690 1382 981 1442 nundinas
1049 1385 1344 1461 cognitum
1406 1379 1783 1457 habemus;²)
1841 1386 2117 1440 externae
2171 1388 2540 1442 mercaturae
2594 1379 2692 1438 hic

467 1506 701 1567 quoque
759 1487 1099 1549 obscuriora
1154 1491 1332 1550 initia.
1420 1488 1807 1549 Parcissimus
1863 1484 1936 1544 de
1989 1485 2081 1544 his
2135 1486 2315 1546 rebus
2369 1485 2696 1564 Augusteu-

467 1596 618 1654 sium
649 1592 1025 1653 historiarum
1056 1595 1307 1671 scriptor
1338 1601 1452 1664 est,
1497 1592 1713 1654 Paulus
1745 1591 1818 1652 de
1850 1591 2095 1662 Stetten,
2128 1591 2469 1653 falsissimus
2500 1596 2696 1651 autem

442 1698 808 1767 ‘Fischeruffi
856 1699 955 1777 qui
987 1718 1054 1758 ex
1103 1699 1401 1770 tabulariis
1430 1697 1892 1776 Augustensibus
1920 1699 2161 1777 probari
2192 1697 2515 1766 contendit,
2563 1714 2697 1756 cum

467 1804 702 1864 Venetis
745 1822 864 1863 non
909 1812 1043 1865 ante
1085 1804 1186 1864 XV
1216 1804 1515 1865 saeculum
1557 1803 1882 1881 negotiatos
1928 1822 2056 1864 esse
2099 1803 2393 1884 Augustae
2451 1790 2621 1865 cives,
2649 1800 2695 1882 3)

465 1911 590 1971 Imo
646 1912 761 1970 iam
816 1910 1046 1971 duobus
1097 1918 1231 1971 ante
1287 1908 1551 1978 saeculiS‚
1596 1909 1681 1968 uti
1735 1926 1870 1968 mox
1917 1911 2239 1989 apparebit.
2312 1909 2505 1980 Quum
2557 1885 2695 1970 vero

467 2036 617 2096 quae
661 2017 734 2077 ad
779 2017 977 2094 priora
1021 2022 1285 2093 tempora
1329 2016 1389 2074 in
1433 2011 1545 2075 ha'c
1588 2033 1653 2076 re
1697 2022 1962 2093 spectant
1990 2034 2124 2076 rara
2154 2016 2345 2077 adhuc
2372 2015 2699 2095 prodierint

468 2122 846 2192 documenta,
903 2122 1060 2182 haud
1117 2121 1189 2182 ab
1247 2140 1314 2181 re
1357 2141 1452 2182 me
1498 2122 1790 2182 facturum
1846 2122 2059 2192 iudico,
2116 2123 2218 2183 ubi
2261 2121 2544 2182 ineditum
2587 2120 2695 2180 Ve-

467 2236 670 2290 netum
726 2227 1049 2307 quoddam,
1122 2227 1280 2306 quod
1333 2227 1405 2287 ad
1463 2227 1784 2306 Augustam
1869 2230 2124 2306 pertinet
2177 2227 2272 2287 hic
2325 2227 2691 2287 inseruerim.

446 2335 617 2401 ,Sunt
662 2333 811 2394 duae
843 2333 1120 2411 epistolae
1152 2352 1223 2394 ex
1254 2333 1455 2394 codice
1486 2333 1883 2411 epistolarum,
1930 2352 2107 2412 quem
2151 2350 2329 2411 supra
2358 2332 2693 2401 memoravi,

466 2447 734 2519 sumptae
789 2439 862 2500 ad
919 2457 969 2499 a.
1035 2439 1192 2500 1308
1248 2439 1627 2516 pertinentes.

719 2546 762 2607 1.
811 2543 1158 2606 Consulibus
1190 2553 1246 2604 et
1274 2527 1642 2605 Universitati
1683 2545 1892 2606 civium
1923 2546 1996 2606 de
2026 2546 2301 2625 Augusta.
2346 2545 2697 2624 Recepimus

550 2652 773 2713 litteras
815 2656 1037 2709 vestras
1065 2667 1174 2728 per
1204 2668 1349 2728 quas
1378 2651 1549 2710 nobis
1576 2652 1730 2711 inter
1761 2658 1956 2712 cetera
1986 2652 2302 2712 denotastis
2337 2652 2695 2720 securitateS‚

553 2775 697 2836 quas
741 2774 774 2815 a
818 2754 987 2815 nobis
1031 2753 1294 2814 volebitis
1341 2753 1461 2837 (sic)
1494 2775 1603 2835 per
1633 2756 1933 2836 publicum
1961 2757 2415 2818 instrumentum
2445 2776 2554 2836 pro
2602 2776 2695 2818 re·

550 2862 847 2922 stitutione
876 2858 1163 2920 ballarum
1192 2868 1532 2923 nostrorum
1573 2863 2220 2952 civiumlmercatorum
2262 2881 2372 2942 per
2413 2883 2516 2925 vos
2560 2871 2701 2943 aput

551 2966 776 3026 Fauces
820 2972 1343 3044 sequestratarum;
1381 2986 1500 3044 vnos
1543 2969 1719 3047 igitur
1747 2970 2023 3048 inspectis
2066 2956 2273 3031 litteris
2301 2972 2507 3032 vestris
2534 2971 2699 3031 vobis

549 3079 755 3132 tenore
770 3071 1133 3148 presentium
1163 3073 1607 3151 respondemuS,
1640 3074 1797 3152 quod
1828 3093 2032 3137 sumus
2064 3077 2337 3147 contenti,
2370 3077 2525 3156 quod
2541 3078 2697 3155 ipsas

551 3176 733 3237 hallas
780 3182 837 3236 et
879 3195 976 3237 res
1020 3182 1358 3238 nostrorum
1402 3180 1614 3240 civium
1655 3180 1737 3241 ibi
1778 3189 2170 3260 sequestratas
2199 3181 2450 3242 relaxari
2479 3182 2699 3242 faciatis

551 3281 735 3342 libere
781 3287 838 3342 et
881 3281 1163 3354 absolute,
1211 3290 1268 3343 et
1310 3301 1420 3344 nos
1448 3288 1897 3363 permissionem
1928 3295 1985 3349 et
2013 3290 2355 3351 securitates
2384 3288 2695 3366 predictaS‚

551 3406 698 3467 quas
739 3406 847 3467 per
893 3389 1128 3450 easdem
1171 3397 1392 3482 vestras
1435 3390 1657 3452 litteras
1698 3394 2006 3471 petivistiS‚
2052 3393 2215 3455 vobis
2254 3411 2363 3472 per
2392 3395 2697 3472 proprium

606 3714 655 3779 1)
680 3712 1042 3778 Navigationi
1088 3727 1223 3761 sane
1267 3713 1446 3762 minus
1490 3713 1584 3762 hic
1629 3713 1826 3763 fluvius
1863 3713 2092 3764 idoneus
2130 3721 2240 3778 est;
2287 3717 2503 3766 ratibus
2537 3732 2694 3782 prae-

467 3805 658 3853 sertim
696 3803 839 3852 adiri
873 3800 1106 3851 solebat.
1177 3802 1520 3851 Mercatores
1555 3803 1806 3851 terrestri
1829 3804 1923 3852 via
1948 3804 2269 3867 utebantur,
2309 3807 2391 3856 ita
2415 3810 2601 3856 tamen
2637 3811 2697 3855 ut

466 3893 704 3943 fluminis
730 3907 947 3943 cursum
971 3893 1348 3955 sequerentur.
1377 3889 1492 3940 Ste
1508 3895 1659 3940 tten
1687 3890 2023 3965 Geschichte
2048 3909 2156 3944 von
2179 3895 2474 3961 Augsburg
2497 3898 2540 3946 l.
2568 3913 2693 3961 pag.

468 3978 583 4030 148.
615 3985 670 4030 et
697 3997 745 4030 a.
772 3980 808 4029 1.

601 4068 655 4134 2)
681 4067 1084 4129 Hiillmann,
1134 4069 1452 4118 Deutsehes
1496 4067 1879 4120 Stadtewesen
1921 4072 1965 4120 Ι.
2011 4089 2065 4137 p.
2104 4070 2205 4123 380
2255 4088 2321 4121 ex
2368 4071 2696 4124 documento

463 4158 710 4208 Kontadi
732 4158 803 4219 ΙΙ,
835 4173 885 4206 a.
912 4156 1059 4208 1030.

600 4242 653 4309 3)
678 4244 971 4295 Fischer
993 4245 1030 4295 1.
1057 4245 1095 4296 1.
1123 4246 1196 4296 11.
1225 4262 1353 4312 pag.
1381 4243 1498 4295 480.
