<?xml version="1.0" encoding="UTF-8"?>
<!DOCTYPE html PUBLIC "-//W3C//DTD XHTML 1.0 Transitional//EN"
    "http://www.w3.org/TR/xhtml1/DTD/xhtml1-transitional.dtd">
<html xmlns="http://www.w3.org/1999/xhtml" xml:lang="en" lang="en">
 <head>
  <title>
</title>
<meta http-equiv="Content-Type" content="text/html;charset=utf-8" />
  <meta name='ocr-system' content='tesseract 3.04.00' />
  <meta name='ocr-capabilities' content='ocr_page ocr_carea ocr_par ocr_line ocrx_word'/>
</head>
<body>
  <div class='ocr_page' id='page_1' title='image "./decommercioquod00erdmgoog_0013.png"; bbox 0 0 3049 5048; ppageno 0'>
   <div class='ocr_carea' id='block_1_1' title="bbox 1436 255 1503 311">
    <p class='ocr_par' dir='ltr' id='par_1_1' title="bbox 1436 255 1503 311">
     <span class='ocr_line' id='line_1_1' title="bbox 1436 255 1503 311; baseline 0 0"><span class='ocrx_word' id='word_1_1' title='bbox 1436 266 1441 275; x_wconf 89' lang='grc'><strong><em>’</em></strong></span> <span class='ocrx_word' id='word_1_2' title='bbox 1467 255 1503 311; x_wconf 90' lang='grc'>7</span> 
     </span>
    </p>
   </div>
   <div class='ocr_carea' id='block_1_2' title="bbox 359 437 2624 1151">
    <p class='ocr_par' dir='ltr' id='par_1_2' title="bbox 359 437 2624 1151">
     <span class='ocr_line' id='line_1_2' title="bbox 365 437 2593 517; baseline 0.002 -19"><span class='ocrx_word' id='word_1_3' title='bbox 365 441 489 508; x_wconf 87' lang='lat' dir='ltr'>stit,</span> <span class='ocrx_word' id='word_1_4' title='bbox 538 441 615 499; x_wconf 88' lang='lat' dir='ltr'>ita</span> <span class='ocrx_word' id='word_1_5' title='bbox 661 439 734 500; x_wconf 92' lang='lat' dir='ltr'>de</span> <span class='ocrx_word' id='word_1_6' title='bbox 780 437 1149 499; x_wconf 83' lang='lat' dir='ltr'>meridionali</span> <span class='ocrx_word' id='word_1_7' title='bbox 1195 445 1252 498; x_wconf 90' lang='lat' dir='ltr'>et</span> <span class='ocrx_word' id='word_1_8' title='bbox 1295 456 1446 516; x_wconf 90' lang='lat' dir='ltr'>quae</span> <span class='ocrx_word' id='word_1_9' title='bbox 1491 438 1565 497; x_wconf 92' lang='lat' dir='ltr'>ad</span> <span class='ocrx_word' id='word_1_10' title='bbox 1608 437 1831 497; x_wconf 88' lang='lat' dir='ltr'>Italiam</span> <span class='ocrx_word' id='word_1_11' title='bbox 1887 440 2168 516; x_wconf 81' lang='lat' dir='ltr'>pertinet,</span> <span class='ocrx_word' id='word_1_12' title='bbox 2224 441 2593 517; x_wconf 89' lang='lat' dir='ltr'>paucissima,</span> 
     </span>
     <span class='ocr_line' id='line_1_3' title="bbox 363 541 2624 624; baseline 0 -19"><span class='ocrx_word' id='word_1_13' title='bbox 363 564 511 623; x_wconf 90' lang='lat' dir='ltr'>quae</span> <span class='ocrx_word' id='word_1_14' title='bbox 555 545 793 624; x_wconf 89' lang='lat' dir='ltr'>probari</span> <span class='ocrx_word' id='word_1_15' title='bbox 835 547 1091 622; x_wconf 85' lang='lat' dir='ltr'>possint,</span> <span class='ocrx_word' id='word_1_16' title='bbox 1138 544 1307 605; x_wconf 88' lang='lat' dir='ltr'>nohis</span> <span class='ocrx_word' id='word_1_17' title='bbox 1338 541 1589 623; x_wconf 74' lang='lat' dir='ltr'>adfertl)</span> <span class='ocrx_word' id='word_1_18' title='bbox 1662 542 1810 603; x_wconf 87' lang='lat' dir='ltr'>Ante</span> <span class='ocrx_word' id='word_1_19' title='bbox 1854 543 2093 609; x_wconf 86' lang='lat' dir='ltr'>bellicas</span> <span class='ocrx_word' id='word_1_20' title='bbox 2125 549 2279 609; x_wconf 89' lang='lat' dir='ltr'>enim</span> <span class='ocrx_word' id='word_1_21' title='bbox 2313 546 2440 607; x_wconf 90' lang='lat' dir='ltr'>illas</span> <span class='ocrx_word' id='word_1_22' title='bbox 2470 547 2624 606; x_wconf 81' lang='lat' dir='ltr'>aevi-</span> 
     </span>
     <span class='ocr_line' id='line_1_4' title="bbox 365 650 2591 730; baseline 0.001 -21"><span class='ocrx_word' id='word_1_23' title='bbox 365 651 541 710; x_wconf 88' lang='lat' dir='ltr'>medii</span> <span class='ocrx_word' id='word_1_24' title='bbox 587 651 1012 730; x_wconf 80' lang='lat' dir='ltr'>expeditioneS,</span> <span class='ocrx_word' id='word_1_25' title='bbox 1070 671 1218 730; x_wconf 90' lang='lat' dir='ltr'>quae</span> <span class='ocrx_word' id='word_1_26' title='bbox 1274 670 1306 711; x_wconf 89' lang='lat' dir='ltr'>a</span> <span class='ocrx_word' id='word_1_27' title='bbox 1365 669 1542 712; x_wconf 90' lang='lat' dir='ltr'>cruce</span> <span class='ocrx_word' id='word_1_28' title='bbox 1597 650 1846 711; x_wconf 91' lang='lat' dir='ltr'>militum</span> <span class='ocrx_word' id='word_1_29' title='bbox 1892 653 2057 729; x_wconf 91' lang='lat' dir='ltr'>signo</span> <span class='ocrx_word' id='word_1_30' title='bbox 2103 653 2341 730; x_wconf 89' lang='lat' dir='ltr'>apellari</span> <span class='ocrx_word' id='word_1_31' title='bbox 2386 652 2591 721; x_wconf 89' lang='lat' dir='ltr'>solent,</span> 
     </span>
     <span class='ocr_line' id='line_1_5' title="bbox 362 755 2592 819; baseline 0.001 -4"><span class='ocrx_word' id='word_1_32' title='bbox 362 755 583 816; x_wconf 92' lang='lat' dir='ltr'>nullam</span> <span class='ocrx_word' id='word_1_33' title='bbox 627 757 805 816; x_wconf 84' lang='lat' dir='ltr'>fuisse</span> <span class='ocrx_word' id='word_1_34' title='bbox 848 756 1044 817; x_wconf 86' lang='lat' dir='ltr'>Italiae</span> <span class='ocrx_word' id='word_1_35' title='bbox 1091 776 1225 817; x_wconf 88' lang='lat' dir='ltr'>cum</span> <span class='ocrx_word' id='word_1_36' title='bbox 1271 757 1604 818; x_wconf 89' lang='lat' dir='ltr'>nationibus</span> <span class='ocrx_word' id='word_1_37' title='bbox 1659 759 1873 817; x_wconf 84' lang='lat' dir='ltr'>exteris</span> <span class='ocrx_word' id='word_1_38' title='bbox 1916 765 2310 819; x_wconf 82' lang='lat' dir='ltr'>mercaturam</span> <span class='ocrx_word' id='word_1_39' title='bbox 2356 765 2592 819; x_wconf 85' lang='lat' dir='ltr'>conten-</span> 
     </span>
     <span class='ocr_line' id='line_1_6' title="bbox 363 860 2591 943; baseline 0.001 -24"><span class='ocrx_word' id='word_1_40' title='bbox 363 860 474 930; x_wconf 88' lang='lat' dir='ltr'>dit;</span> <span class='ocrx_word' id='word_1_41' title='bbox 525 868 662 922; x_wconf 89' lang='lat' dir='ltr'>tunc</span> <span class='ocrx_word' id='word_1_42' title='bbox 709 862 944 939; x_wconf 90' lang='lat' dir='ltr'>quidem</span> <span class='ocrx_word' id='word_1_43' title='bbox 988 863 1246 940; x_wconf 91' lang='lat' dir='ltr'>primum</span> <span class='ocrx_word' id='word_1_44' title='bbox 1293 881 1393 923; x_wconf 92' lang='lat' dir='ltr'>eos</span> <span class='ocrx_word' id='word_1_45' title='bbox 1437 870 1698 922; x_wconf 84' lang='lat' dir='ltr'>aromata</span> <span class='ocrx_word' id='word_1_46' title='bbox 1737 863 2109 943; x_wconf 85' lang='lat' dir='ltr'>reliquasque</span> <span class='ocrx_word' id='word_1_47' title='bbox 2155 865 2395 923; x_wconf 88' lang='lat' dir='ltr'>orientis</span> <span class='ocrx_word' id='word_1_48' title='bbox 2437 882 2591 924; x_wconf 92' lang='lat' dir='ltr'>mer-</span> 
     </span>
     <span class='ocr_line' id='line_1_7' title="bbox 363 965 2590 1046; baseline 0 -19"><span class='ocrx_word' id='word_1_49' title='bbox 363 985 460 1027; x_wconf 84' lang='lat' dir='ltr'>oes</span> <span class='ocrx_word' id='word_1_50' title='bbox 505 965 575 1026; x_wconf 89' lang='lat' dir='ltr'>ad</span> <span class='ocrx_word' id='word_1_51' title='bbox 623 983 760 1026; x_wconf 92' lang='lat' dir='ltr'>suos</span> <span class='ocrx_word' id='word_1_52' title='bbox 804 976 1010 1046; x_wconf 88' lang='lat' dir='ltr'>portus</span> <span class='ocrx_word' id='word_1_53' title='bbox 1055 969 1361 1029; x_wconf 83' lang='lat' dir='ltr'>advectare</span> <span class='ocrx_word' id='word_1_54' title='bbox 1404 969 1723 1046; x_wconf 82' lang='lat' dir='ltr'>incepisse,</span> <span class='ocrx_word' id='word_1_55' title='bbox 1776 971 1856 1030; x_wconf 88' lang='lat' dir='ltr'>ita</span> <span class='ocrx_word' id='word_1_56' title='bbox 1899 977 2096 1030; x_wconf 90' lang='lat' dir='ltr'>tamen</span> <span class='ocrx_word' id='word_1_57' title='bbox 2139 976 2206 1030; x_wconf 92' lang='lat' dir='ltr'>ut</span> <span class='ocrx_word' id='word_1_58' title='bbox 2249 969 2422 1029; x_wconf 92' lang='lat' dir='ltr'>etiam</span> <span class='ocrx_word' id='word_1_59' title='bbox 2464 975 2590 1028; x_wconf 91' lang='lat' dir='ltr'>tum</span> 
     </span>
     <span class='ocr_line' id='line_1_8' title="bbox 359 1069 2588 1151; baseline -0 -19"><span class='ocrx_word' id='word_1_60' title='bbox 359 1090 466 1150; x_wconf 92' lang='lat' dir='ltr'>per</span> <span class='ocrx_word' id='word_1_61' title='bbox 496 1069 737 1148; x_wconf 86' lang='lat' dir='ltr'>longum</span> <span class='ocrx_word' id='word_1_62' title='bbox 780 1074 1062 1150; x_wconf 88' lang='lat' dir='ltr'>temporis</span> <span class='ocrx_word' id='word_1_63' title='bbox 1091 1076 1343 1151; x_wconf 87' lang='lat' dir='ltr'>spatium</span> <span class='ocrx_word' id='word_1_64' title='bbox 1375 1091 1440 1133; x_wconf 91' lang='lat' dir='ltr'>ea</span> <span class='ocrx_word' id='word_1_65' title='bbox 1471 1079 1698 1133; x_wconf 88' lang='lat' dir='ltr'>tantum</span> <span class='ocrx_word' id='word_1_66' title='bbox 1740 1075 1877 1136; x_wconf 91' lang='lat' dir='ltr'>inde</span> <span class='ocrx_word' id='word_1_67' title='bbox 1907 1077 2213 1143; x_wconf 85' lang='lat' dir='ltr'>afferrent,</span> <span class='ocrx_word' id='word_1_68' title='bbox 2261 1091 2410 1150; x_wconf 91' lang='lat' dir='ltr'>quae</span> <span class='ocrx_word' id='word_1_69' title='bbox 2453 1091 2588 1149; x_wconf 91' lang='lat' dir='ltr'>pro-</span> 
     </span>
    </p>
   </div>
   <div class='ocr_carea' id='block_1_3' title="bbox 358 1176 2686 1255">
    <p class='ocr_par' dir='ltr' id='par_1_3' title="bbox 358 1176 2686 1255">
     <span class='ocr_line' id='line_1_9' title="bbox 358 1176 2686 1255; baseline -0.001 -19"><span class='ocrx_word' id='word_1_70' title='bbox 358 1178 502 1255; x_wconf 91' lang='lat' dir='ltr'>priis</span> <span class='ocrx_word' id='word_1_71' title='bbox 547 1176 741 1237; x_wconf 86' lang='lat' dir='ltr'>ltaliae</span> <span class='ocrx_word' id='word_1_72' title='bbox 785 1177 1229 1237; x_wconf 81' lang='lat' dir='ltr'>necessitatibus</span> <span class='ocrx_word' id='word_1_73' title='bbox 1274 1177 1639 1248; x_wconf 79' lang='lat' dir='ltr'>sufficerent3</span> <span class='ocrx_word' id='word_1_74' title='bbox 1696 1180 1923 1241; x_wconf 90' lang='lat' dir='ltr'>nullum</span> <span class='ocrx_word' id='word_1_75' title='bbox 1968 1180 2159 1241; x_wconf 90' lang='lat' dir='ltr'>adhuc</span> <span class='ocrx_word' id='word_1_76' title='bbox 2204 1176 2591 1254; x_wconf 87' lang='lat' dir='ltr'>exportationi</span> <span class='ocrx_word' id='word_1_77' title='bbox 2673 1176 2686 1188; x_wconf 56' lang='lat'>⁸</span> 
     </span>
    </p>
   </div>
   <div class='ocr_carea' id='block_1_4' title="bbox 351 1279 2671 3901">
    <p class='ocr_par' dir='ltr' id='par_1_4' title="bbox 357 1279 2671 1679">
     <span class='ocr_line' id='line_1_10' title="bbox 358 1279 2671 1360; baseline 0 -18"><span class='ocrx_word' id='word_1_78' title='bbox 358 1282 553 1342; x_wconf 91' lang='lat' dir='ltr'>locum</span> <span class='ocrx_word' id='word_1_79' title='bbox 599 1282 806 1351; x_wconf 84' lang='lat' dir='ltr'>fuisse;</span> <span class='ocrx_word' id='word_1_80' title='bbox 853 1280 1025 1359; x_wconf 91' lang='lat' dir='ltr'>longe</span> <span class='ocrx_word' id='word_1_81' title='bbox 1068 1289 1203 1360; x_wconf 91' lang='lat' dir='ltr'>post</span> <span class='ocrx_word' id='word_1_82' title='bbox 1260 1282 1497 1342; x_wconf 91' lang='lat' dir='ltr'>demum</span> <span class='ocrx_word' id='word_1_83' title='bbox 1543 1281 1796 1346; x_wconf 88' lang='lat' dir='ltr'>Venetos</span> <span class='ocrx_word' id='word_1_84' title='bbox 1842 1304 1976 1346; x_wconf 92' lang='lat' dir='ltr'>cum</span> <span class='ocrx_word' id='word_1_85' title='bbox 2023 1285 2369 1345; x_wconf 84' lang='lat' dir='ltr'>Germaniae</span> <span class='ocrx_word' id='word_1_86' title='bbox 2414 1301 2586 1360; x_wconf 85' lang='lat' dir='ltr'>supe·</span> <span class='ocrx_word' id='word_1_87' title='bbox 2666 1279 2671 1284; x_wconf 78' lang='grc'><strong>’</strong></span> 
     </span>
     <span class='ocr_line' id='line_1_11' title="bbox 359 1386 2614 1466; baseline 0.002 -19"><span class='ocrx_word' id='word_1_88' title='bbox 359 1389 534 1447; x_wconf 91' lang='lat' dir='ltr'>rioris</span> <span class='ocrx_word' id='word_1_89' title='bbox 605 1386 930 1448; x_wconf 88' lang='lat' dir='ltr'>civitatibus</span> <span class='ocrx_word' id='word_1_90' title='bbox 998 1389 1231 1465; x_wconf 88' lang='lat' dir='ltr'>negotia</span> <span class='ocrx_word' id='word_1_91' title='bbox 1291 1388 1516 1458; x_wconf 88' lang='lat' dir='ltr'>iniisse,</span> <span class='ocrx_word' id='word_1_92' title='bbox 1592 1396 1682 1457; x_wconf 90' lang='lat' dir='ltr'>et,</span> <span class='ocrx_word' id='word_1_93' title='bbox 1754 1397 1820 1450; x_wconf 94' lang='lat' dir='ltr'>ut</span> <span class='ocrx_word' id='word_1_94' title='bbox 1879 1387 2213 1465; x_wconf 84' lang='lat' dir='ltr'>exemplum</span> <span class='ocrx_word' id='word_1_95' title='bbox 2271 1389 2614 1466; x_wconf 58' lang='lat' dir='ltr'>proferam„</span> 
     </span>
     <span class='ocr_line' id='line_1_12' title="bbox 357 1491 2587 1571; baseline -0.001 -17"><span class='ocrx_word' id='word_1_96' title='bbox 357 1494 679 1571; x_wconf 88' lang='lat' dir='ltr'>Augustam</span> <span class='ocrx_word' id='word_1_97' title='bbox 723 1491 1156 1552; x_wconf 81' lang='lat' dir='ltr'>vindelicorum</span> <span class='ocrx_word' id='word_1_98' title='bbox 1201 1511 1319 1551; x_wconf 92' lang='lat' dir='ltr'>non</span> <span class='ocrx_word' id='word_1_99' title='bbox 1365 1500 1498 1553; x_wconf 88' lang='lat' dir='ltr'>ante</span> <span class='ocrx_word' id='word_1_100' title='bbox 1542 1493 1842 1555; x_wconf 91' lang='lat' dir='ltr'>saeculum</span> <span class='ocrx_word' id='word_1_101' title='bbox 1885 1493 1986 1554; x_wconf 89' lang='lat' dir='ltr'>XV</span> <span class='ocrx_word' id='word_1_102' title='bbox 2031 1513 2166 1554; x_wconf 91' lang='lat' dir='ltr'>cum</span> <span class='ocrx_word' id='word_1_103' title='bbox 2210 1492 2443 1553; x_wconf 87' lang='lat' dir='ltr'>Venetis</span> <span class='ocrx_word' id='word_1_104' title='bbox 2486 1511 2587 1552; x_wconf 86' lang='lat' dir='ltr'>ne-</span> 
     </span>
     <span class='ocr_line' id='line_1_13' title="bbox 359 1597 909 1679; baseline -0.004 -19"><span class='ocrx_word' id='word_1_105' title='bbox 359 1601 513 1679; x_wconf 87' lang='lat' dir='ltr'>gotia</span> <span class='ocrx_word' id='word_1_106' title='bbox 557 1599 831 1660; x_wconf 91' lang='lat' dir='ltr'>habuisse</span> <span class='ocrx_word' id='word_1_107' title='bbox 844 1597 909 1679; x_wconf 83' lang='lat'>²).</span> 
     </span>
    </p>

    <p class='ocr_par' dir='ltr' id='par_1_5' title="bbox 351 1702 2587 3901">
     <span class='ocr_line' id='line_1_14' title="bbox 526 1702 2584 1784; baseline -0.001 -20"><span class='ocrx_word' id='word_1_108' title='bbox 526 1705 793 1765; x_wconf 88' lang='lat' dir='ltr'>Fuerunt</span> <span class='ocrx_word' id='word_1_109' title='bbox 837 1725 867 1764; x_wconf 91' lang='lat' dir='ltr'>e</span> <span class='ocrx_word' id='word_1_110' title='bbox 913 1704 1206 1765; x_wconf 88' lang='lat' dir='ltr'>contrario</span> <span class='ocrx_word' id='word_1_111' title='bbox 1251 1702 1374 1774; x_wconf 90' lang='lat' dir='ltr'>alii,</span> <span class='ocrx_word' id='word_1_112' title='bbox 1436 1705 1536 1782; x_wconf 90' lang='lat' dir='ltr'>qui</span> <span class='ocrx_word' id='word_1_113' title='bbox 1577 1704 1752 1765; x_wconf 69' lang='lat' dir='ltr'>,nullo</span> <span class='ocrx_word' id='word_1_114' title='bbox 1811 1723 2070 1784; x_wconf 90' lang='lat' dir='ltr'>unquam</span> <span class='ocrx_word' id='word_1_115' title='bbox 2115 1711 2381 1782; x_wconf 91' lang='lat' dir='ltr'>tempore</span> <span class='ocrx_word' id='word_1_116' title='bbox 2426 1721 2584 1762; x_wconf 92' lang='lat' dir='ltr'>com-</span> 
     </span>
     <span class='ocr_line' id='line_1_15' title="bbox 357 1805 2582 1889; baseline -0.001 -19"><span class='ocrx_word' id='word_1_117' title='bbox 357 1811 640 1870; x_wconf 89' lang='lat' dir='ltr'>mercium</span> <span class='ocrx_word' id='word_1_118' title='bbox 695 1809 891 1870; x_wconf 88' lang='lat' dir='ltr'>Italiae</span> <span class='ocrx_word' id='word_1_119' title='bbox 947 1816 1004 1869; x_wconf 89' lang='lat' dir='ltr'>et</span> <span class='ocrx_word' id='word_1_120' title='bbox 1059 1810 1404 1870; x_wconf 83' lang='lat' dir='ltr'>Germaniae</span> <span class='ocrx_word' id='word_1_121' title='bbox 1462 1811 1854 1889; x_wconf 89' lang='lat' dir='ltr'>interruptum</span> <span class='ocrx_word' id='word_1_122' title='bbox 1914 1811 2091 1871; x_wconf 83' lang='lat' dir='ltr'>fuisse</span> <span class='ocrx_word' id='word_1_123' title='bbox 2149 1805 2582 1888; x_wconf 85' lang='lat' dir='ltr'>affirmarent3)‚</span> 
     </span>
     <span class='ocr_line' id='line_1_16' title="bbox 355 1914 2583 1998; baseline -0.001 -23"><span class='ocrx_word' id='word_1_124' title='bbox 355 1916 412 1975; x_wconf 92' lang='lat' dir='ltr'>id</span> <span class='ocrx_word' id='word_1_125' title='bbox 459 1915 614 1994; x_wconf 90' lang='lat' dir='ltr'>quod</span> <span class='ocrx_word' id='word_1_126' title='bbox 662 1916 934 1976; x_wconf 88' lang='lat' dir='ltr'>contendi</span> <span class='ocrx_word' id='word_1_127' title='bbox 979 1915 1202 1976; x_wconf 84' lang='lat' dir='ltr'>facilius</span> <span class='ocrx_word' id='word_1_128' title='bbox 1243 1938 1417 1997; x_wconf 90' lang='lat' dir='ltr'>quam</span> <span class='ocrx_word' id='word_1_129' title='bbox 1460 1919 1702 1998; x_wconf 87' lang='lat' dir='ltr'>probari</span> <span class='ocrx_word' id='word_1_130' title='bbox 1746 1922 1956 1993; x_wconf 87' lang='lat' dir='ltr'>potest.</span> <span class='ocrx_word' id='word_1_131' title='bbox 2029 1915 2252 1994; x_wconf 85' lang='lat' dir='ltr'>Nempe</span> <span class='ocrx_word' id='word_1_132' title='bbox 2296 1916 2436 1976; x_wconf 92' lang='lat' dir='ltr'>dum</span> <span class='ocrx_word' id='word_1_133' title='bbox 2467 1914 2583 1973; x_wconf 91' lang='lat' dir='ltr'>Ro-</span> 
     </span>
     <span class='ocr_line' id='line_1_17' title="bbox 356 2020 2582 2099; baseline -0.001 -19"><span class='ocrx_word' id='word_1_134' title='bbox 356 2040 667 2081; x_wconf 89' lang='lat' dir='ltr'>manorum</span> <span class='ocrx_word' id='word_1_135' title='bbox 722 2022 901 2099; x_wconf 88' lang='lat' dir='ltr'>viguit</span> <span class='ocrx_word' id='word_1_136' title='bbox 944 2022 1003 2079; x_wconf 93' lang='lat' dir='ltr'>in</span> <span class='ocrx_word' id='word_1_137' title='bbox 1048 2020 1365 2084; x_wconf 89' lang='lat' dir='ltr'>Vindelicia</span> <span class='ocrx_word' id='word_1_138' title='bbox 1421 2032 1477 2084; x_wconf 88' lang='lat' dir='ltr'>et</span> <span class='ocrx_word' id='word_1_139' title='bbox 1521 2025 1736 2084; x_wconf 91' lang='lat' dir='ltr'>Norico</span> <span class='ocrx_word' id='word_1_140' title='bbox 1781 2022 2127 2090; x_wconf 86' lang='lat' dir='ltr'>dominatio,</span> <span class='ocrx_word' id='word_1_141' title='bbox 2184 2020 2582 2098; x_wconf 86' lang='lat' dir='ltr'>frequentissi-</span> 
     </span>
     <span class='ocr_line' id='line_1_18' title="bbox 354 2127 2581 2206; baseline -0.001 -19"><span class='ocrx_word' id='word_1_142' title='bbox 354 2145 510 2187; x_wconf 88' lang='lat' dir='ltr'>mam</span> <span class='ocrx_word' id='word_1_143' title='bbox 556 2127 734 2186; x_wconf 81' lang='lat' dir='ltr'>fuisse</span> <span class='ocrx_word' id='word_1_144' title='bbox 786 2127 940 2186; x_wconf 88' lang='lat' dir='ltr'>inter</span> <span class='ocrx_word' id='word_1_145' title='bbox 994 2127 1100 2186; x_wconf 89' lang='lat' dir='ltr'>has</span> <span class='ocrx_word' id='word_1_146' title='bbox 1156 2130 1428 2206; x_wconf 86' lang='lat' dir='ltr'>regiones</span> <span class='ocrx_word' id='word_1_147' title='bbox 1484 2135 1544 2189; x_wconf 89' lang='lat' dir='ltr'>et</span> <span class='ocrx_word' id='word_1_148' title='bbox 1596 2127 1820 2188; x_wconf 89' lang='lat' dir='ltr'>Italiam</span> <span class='ocrx_word' id='word_1_149' title='bbox 1865 2129 2283 2188; x_wconf 87' lang='lat' dir='ltr'>commercium</span> <span class='ocrx_word' id='word_1_150' title='bbox 2338 2132 2581 2187; x_wconf 85' lang='lat' dir='ltr'>constat.</span> 
     </span>
     <span class='ocr_line' id='line_1_19' title="bbox 355 2231 2584 2312; baseline -0.001 -19"><span class='ocrx_word' id='word_1_151' title='bbox 355 2235 504 2294; x_wconf 89' lang='lat' dir='ltr'>Hinc</span> <span class='ocrx_word' id='word_1_152' title='bbox 551 2252 735 2311; x_wconf 90' lang='lat' dir='ltr'>usque</span> <span class='ocrx_word' id='word_1_153' title='bbox 779 2232 852 2292; x_wconf 92' lang='lat' dir='ltr'>ad</span> <span class='ocrx_word' id='word_1_154' title='bbox 899 2231 1089 2292; x_wconf 87' lang='lat' dir='ltr'>Caroli</span> <span class='ocrx_word' id='word_1_155' title='bbox 1134 2233 1324 2312; x_wconf 86' lang='lat' dir='ltr'>Magni</span> <span class='ocrx_word' id='word_1_156' title='bbox 1369 2241 1638 2312; x_wconf 87' lang='lat' dir='ltr'>tempora</span> <span class='ocrx_word' id='word_1_157' title='bbox 1683 2232 1840 2293; x_wconf 90' lang='lat' dir='ltr'>haud</span> <span class='ocrx_word' id='word_1_158' title='bbox 1884 2234 2043 2303; x_wconf 92' lang='lat' dir='ltr'>scio,</span> <span class='ocrx_word' id='word_1_159' title='bbox 2103 2251 2176 2292; x_wconf 89' lang='lat' dir='ltr'>an</span> <span class='ocrx_word' id='word_1_160' title='bbox 2235 2234 2584 2294; x_wconf 88' lang='lat' dir='ltr'>documenta</span> 
     </span>
     <span class='ocr_line' id='line_1_20' title="bbox 355 2338 2584 2417; baseline -0.002 -17"><span class='ocrx_word' id='word_1_161' title='bbox 355 2338 472 2400; x_wconf 90' lang='lat' dir='ltr'>ulla</span> <span class='ocrx_word' id='word_1_162' title='bbox 515 2341 910 2410; x_wconf 88' lang='lat' dir='ltr'>inveniantur,</span> <span class='ocrx_word' id='word_1_163' title='bbox 952 2340 1188 2417; x_wconf 73' lang='lat' dir='ltr'>quibus</span> <span class='ocrx_word' id='word_1_164' title='bbox 1248 2340 1580 2400; x_wconf 88' lang='lat' dir='ltr'>continuata</span> <span class='ocrx_word' id='word_1_165' title='bbox 1642 2357 1770 2400; x_wconf 91' lang='lat' dir='ltr'>esse</span> <span class='ocrx_word' id='word_1_166' title='bbox 1824 2339 1970 2399; x_wconf 91' lang='lat' dir='ltr'>haec</span> <span class='ocrx_word' id='word_1_167' title='bbox 2015 2339 2366 2399; x_wconf 89' lang='lat' dir='ltr'>commercia</span> <span class='ocrx_word' id='word_1_168' title='bbox 2412 2339 2584 2397; x_wconf 89' lang='lat' dir='ltr'>etiam</span> 
     </span>
     <span class='ocr_line' id='line_1_21' title="bbox 353 2443 2582 2524; baseline -0.001 -20"><span class='ocrx_word' id='word_1_169' title='bbox 353 2452 488 2524; x_wconf 91' lang='lat' dir='ltr'>post</span> <span class='ocrx_word' id='word_1_170' title='bbox 518 2445 749 2506; x_wconf 88' lang='lat' dir='ltr'>relictas</span> <span class='ocrx_word' id='word_1_171' title='bbox 794 2464 827 2504; x_wconf 90' lang='lat' dir='ltr'>a</span> <span class='ocrx_word' id='word_1_172' title='bbox 869 2444 1151 2505; x_wconf 88' lang='lat' dir='ltr'>Romanis</span> <span class='ocrx_word' id='word_1_173' title='bbox 1182 2445 1288 2506; x_wconf 88' lang='lat' dir='ltr'>has</span> <span class='ocrx_word' id='word_1_174' title='bbox 1330 2446 1657 2524; x_wconf 90' lang='lat' dir='ltr'>provincias</span> <span class='ocrx_word' id='word_1_175' title='bbox 1689 2444 1956 2506; x_wconf 89' lang='lat' dir='ltr'>concludi</span> <span class='ocrx_word' id='word_1_176' title='bbox 1995 2447 2196 2522; x_wconf 90' lang='lat' dir='ltr'>possit.</span> <span class='ocrx_word' id='word_1_177' title='bbox 2246 2443 2582 2524; x_wconf 89' lang='lat' dir='ltr'>Sequeban-</span> 
     </span>
     <span class='ocr_line' id='line_1_22' title="bbox 356 2545 2586 2632; baseline -0.003 -19"><span class='ocrx_word' id='word_1_178' title='bbox 356 2559 454 2613; x_wconf 91' lang='lat' dir='ltr'>tur</span> <span class='ocrx_word' id='word_1_179' title='bbox 508 2572 755 2631; x_wconf 87' lang='lat' dir='ltr'>magnae</span> <span class='ocrx_word' id='word_1_180' title='bbox 809 2550 941 2626; x_wconf 83' lang='lat' dir='ltr'>illae</span> <span class='ocrx_word' id='word_1_181' title='bbox 999 2551 1356 2630; x_wconf 89' lang='lat' dir='ltr'>populorum</span> <span class='ocrx_word' id='word_1_182' title='bbox 1412 2553 1819 2631; x_wconf 79' lang='lat' dir='ltr'>migrationeS,</span> <span class='ocrx_word' id='word_1_183' title='bbox 1894 2553 2107 2632; x_wconf 90' lang='lat' dir='ltr'>quibus</span> <span class='ocrx_word' id='word_1_184' title='bbox 2160 2545 2472 2613; x_wconf 87' lang='lat' dir='ltr'>Germania</span> <span class='ocrx_word' id='word_1_185' title='bbox 2528 2555 2586 2609; x_wconf 91' lang='lat' dir='ltr'>et</span> 
     </span>
     <span class='ocr_line' id='line_1_23' title="bbox 356 2655 2582 2735; baseline -0.001 -17"><span class='ocrx_word' id='word_1_186' title='bbox 356 2657 517 2718; x_wconf 88' lang='lat' dir='ltr'>Italia</span> <span class='ocrx_word' id='word_1_187' title='bbox 562 2658 815 2719; x_wconf 88' lang='lat' dir='ltr'>maxime</span> <span class='ocrx_word' id='word_1_188' title='bbox 860 2657 1256 2735; x_wconf 81' lang='lat' dir='ltr'>agitabantur3</span> <span class='ocrx_word' id='word_1_189' title='bbox 1305 2658 1406 2719; x_wconf 91' lang='lat' dir='ltr'>sed</span> <span class='ocrx_word' id='word_1_190' title='bbox 1451 2660 1712 2719; x_wconf 91' lang='lat' dir='ltr'>nascitur</span> <span class='ocrx_word' id='word_1_191' title='bbox 1758 2679 1829 2720; x_wconf 85' lang='lat' dir='ltr'>ex</span> <span class='ocrx_word' id='word_1_192' title='bbox 1873 2660 1963 2719; x_wconf 92' lang='lat' dir='ltr'>his</span> <span class='ocrx_word' id='word_1_193' title='bbox 2008 2658 2199 2718; x_wconf 89' lang='lat' dir='ltr'>turbis</span> <span class='ocrx_word' id='word_1_194' title='bbox 2242 2658 2366 2734; x_wconf 89' lang='lat' dir='ltr'>ipsa</span> <span class='ocrx_word' id='word_1_195' title='bbox 2389 2655 2582 2718; x_wconf 82' lang='lat' dir='ltr'>,Vene-</span> 
     </span>
     <span class='ocr_line' id='line_1_24' title="bbox 353 2763 2583 2843; baseline -0.001 -22"><span class='ocrx_word' id='word_1_196' title='bbox 353 2769 552 2823; x_wconf 89' lang='lat' dir='ltr'>torum</span> <span class='ocrx_word' id='word_1_197' title='bbox 595 2763 948 2841; x_wconf 87' lang='lat' dir='ltr'>respublica.</span> <span class='ocrx_word' id='word_1_198' title='bbox 1037 2765 1355 2843; x_wconf 88' lang='lat' dir='ltr'>Postquam</span> <span class='ocrx_word' id='word_1_199' title='bbox 1401 2764 1643 2828; x_wconf 85' lang='lat' dir='ltr'>Carolus</span> <span class='ocrx_word' id='word_1_200' title='bbox 1673 2764 1916 2843; x_wconf 90' lang='lat' dir='ltr'>Magnus</span> <span class='ocrx_word' id='word_1_201' title='bbox 1953 2763 2147 2823; x_wconf 86' lang='lat' dir='ltr'>ltaliae</span> <span class='ocrx_word' id='word_1_202' title='bbox 2190 2780 2440 2841; x_wconf 89' lang='lat' dir='ltr'>regnum</span> <span class='ocrx_word' id='word_1_203' title='bbox 2486 2779 2583 2820; x_wconf 92' lang='lat' dir='ltr'>oc-</span> 
     </span>
     <span class='ocr_line' id='line_1_25' title="bbox 355 2867 2584 2949; baseline -0.001 -22"><span class='ocrx_word' id='word_1_204' title='bbox 355 2870 614 2946; x_wconf 89' lang='lat' dir='ltr'>cupavit,</span> <span class='ocrx_word' id='word_1_205' title='bbox 662 2870 786 2929; x_wconf 93' lang='lat' dir='ltr'>sine</span> <span class='ocrx_word' id='word_1_206' title='bbox 832 2870 1010 2930; x_wconf 91' lang='lat' dir='ltr'>dubio</span> <span class='ocrx_word' id='word_1_207' title='bbox 1041 2889 1249 2931; x_wconf 90' lang='lat' dir='ltr'>rursus</span> <span class='ocrx_word' id='word_1_208' title='bbox 1278 2872 1465 2931; x_wconf 90' lang='lat' dir='ltr'>maior</span> <span class='ocrx_word' id='word_1_209' title='bbox 1510 2871 1797 2949; x_wconf 87' lang='lat' dir='ltr'>quaedam</span> <span class='ocrx_word' id='word_1_210' title='bbox 1827 2876 2028 2932; x_wconf 88' lang='lat' dir='ltr'>mutua</span> <span class='ocrx_word' id='word_1_211' title='bbox 2072 2869 2389 2930; x_wconf 87' lang='lat' dir='ltr'>necessitas</span> <span class='ocrx_word' id='word_1_212' title='bbox 2432 2867 2584 2926; x_wconf 93' lang='lat' dir='ltr'>inter</span> 
     </span>
     <span class='ocr_line' id='line_1_26' title="bbox 357 2972 2587 3055; baseline -0.002 -21"><span class='ocrx_word' id='word_1_213' title='bbox 357 2973 665 3052; x_wconf 90' lang='lat' dir='ltr'>cisalpinas</span> <span class='ocrx_word' id='word_1_214' title='bbox 723 2982 781 3036; x_wconf 92' lang='lat' dir='ltr'>et</span> <span class='ocrx_word' id='word_1_215' title='bbox 823 2974 1209 3054; x_wconf 86' lang='lat' dir='ltr'>transalpinas</span> <span class='ocrx_word' id='word_1_216' title='bbox 1257 2976 1532 3055; x_wconf 85' lang='lat' dir='ltr'>regiones</span> <span class='ocrx_word' id='word_1_217' title='bbox 1577 2983 1778 3037; x_wconf 89' lang='lat' dir='ltr'>coorta</span> <span class='ocrx_word' id='word_1_218' title='bbox 1824 2983 1928 3037; x_wconf 93' lang='lat' dir='ltr'>est.</span> <span class='ocrx_word' id='word_1_219' title='bbox 2020 2976 2332 3036; x_wconf 87' lang='lat' dir='ltr'>Strenuam</span> <span class='ocrx_word' id='word_1_220' title='bbox 2373 2972 2587 3032; x_wconf 90' lang='lat' dir='ltr'>summi</span> 
     </span>
     <span class='ocr_line' id='line_1_27' title="bbox 353 3078 2587 3162; baseline -0.001 -23"><span class='ocrx_word' id='word_1_221' title='bbox 353 3081 724 3160; x_wconf 87' lang='lat' dir='ltr'>imperatoris</span> <span class='ocrx_word' id='word_1_222' title='bbox 768 3081 1328 3143; x_wconf 87' lang='lat' dir='ltr'>administrationem</span> <span class='ocrx_word' id='word_1_223' title='bbox 1372 3088 1741 3143; x_wconf 89' lang='lat' dir='ltr'>mercaturae</span> <span class='ocrx_word' id='word_1_224' title='bbox 1773 3102 2007 3162; x_wconf 90' lang='lat' dir='ltr'>quoque</span> <span class='ocrx_word' id='word_1_225' title='bbox 2036 3100 2253 3142; x_wconf 88' lang='lat' dir='ltr'>novum</span> <span class='ocrx_word' id='word_1_226' title='bbox 2295 3078 2587 3138; x_wconf 88' lang='lat' dir='ltr'>addidisse</span> 
     </span>
     <span class='ocr_line' id='line_1_28' title="bbox 355 3171 2587 3265; baseline -0.003 -19"><span class='ocrx_word' id='word_1_227' title='bbox 355 3188 615 3265; x_wconf 85' lang='lat' dir='ltr'>vigorem</span> <span class='ocrx_word' id='word_1_228' title='bbox 661 3171 1118 3249; x_wconf 83' lang='lat' dir='ltr'>consentaneum</span> <span class='ocrx_word' id='word_1_229' title='bbox 1167 3195 1280 3257; x_wconf 90' lang='lat' dir='ltr'>est;</span> <span class='ocrx_word' id='word_1_230' title='bbox 1340 3187 1494 3248; x_wconf 93' lang='lat' dir='ltr'>haud</span> <span class='ocrx_word' id='word_1_231' title='bbox 1552 3206 1688 3247; x_wconf 90' lang='lat' dir='ltr'>raro</span> <span class='ocrx_word' id='word_1_232' title='bbox 1743 3190 1803 3248; x_wconf 89' lang='lat' dir='ltr'>in</span> <span class='ocrx_word' id='word_1_233' title='bbox 1850 3188 2140 3257; x_wconf 90' lang='lat' dir='ltr'>eiusdem,</span> <span class='ocrx_word' id='word_1_234' title='bbox 2201 3204 2350 3264; x_wconf 88' lang='lat' dir='ltr'>quae</span> <span class='ocrx_word' id='word_1_235' title='bbox 2394 3182 2587 3242; x_wconf 88' lang='lat' dir='ltr'>adhuc</span> 
     </span>
     <span class='ocr_line' id='line_1_29' title="bbox 356 3286 2582 3374; baseline -0.004 -21"><span class='ocrx_word' id='word_1_236' title='bbox 356 3301 692 3365; x_wconf 88' lang='lat' dir='ltr'>servantur,</span> <span class='ocrx_word' id='word_1_237' title='bbox 756 3294 984 3373; x_wconf 87' lang='lat' dir='ltr'>legibus</span> <span class='ocrx_word' id='word_1_238' title='bbox 1040 3297 1469 3374; x_wconf 87' lang='lat' dir='ltr'>negotiatorum</span> <span class='ocrx_word' id='word_1_239' title='bbox 1542 3295 1901 3355; x_wconf 89' lang='lat' dir='ltr'>mentionem</span> <span class='ocrx_word' id='word_1_240' title='bbox 1971 3295 2183 3353; x_wconf 86' lang='lat' dir='ltr'>factam</span> <span class='ocrx_word' id='word_1_241' title='bbox 2240 3286 2582 3347; x_wconf 77' lang='lat' dir='ltr'>invenimus,</span> 
     </span>
     <span class='ocr_line' id='line_1_30' title="bbox 354 3398 2584 3480; baseline -0.004 -22"><span class='ocrx_word' id='word_1_242' title='bbox 354 3398 479 3459; x_wconf 87' lang='lat' dir='ltr'>Etsi</span> <span class='ocrx_word' id='word_1_243' title='bbox 522 3419 659 3460; x_wconf 87' lang='lat' dir='ltr'>vero</span> <span class='ocrx_word' id='word_1_244' title='bbox 705 3420 898 3480; x_wconf 91' lang='lat' dir='ltr'>neque</span> <span class='ocrx_word' id='word_1_245' title='bbox 951 3400 1077 3460; x_wconf 89' lang='lat' dir='ltr'>Itali</span> <span class='ocrx_word' id='word_1_246' title='bbox 1119 3407 1479 3462; x_wconf 84' lang='lat' dir='ltr'>mercatores</span> <span class='ocrx_word' id='word_1_247' title='bbox 1524 3400 1900 3461; x_wconf 90' lang='lat' dir='ltr'>Germaniam</span> <span class='ocrx_word' id='word_1_248' title='bbox 1958 3398 2426 3477; x_wconf 85' lang='lat' dir='ltr'>frequentanteS,</span> <span class='ocrx_word' id='word_1_249' title='bbox 2484 3409 2584 3449; x_wconf 91' lang='lat' dir='ltr'>ne-</span> 
     </span>
     <span class='ocr_line' id='line_1_31' title="bbox 355 3498 2584 3586; baseline -0.006 -20"><span class='ocrx_word' id='word_1_250' title='bbox 355 3524 471 3585; x_wconf 89' lang='lat' dir='ltr'>que</span> <span class='ocrx_word' id='word_1_251' title='bbox 501 3507 833 3568; x_wconf 89' lang='lat' dir='ltr'>Germanici</span> <span class='ocrx_word' id='word_1_252' title='bbox 861 3515 1025 3568; x_wconf 90' lang='lat' dir='ltr'>trans</span> <span class='ocrx_word' id='word_1_253' title='bbox 1069 3508 1244 3586; x_wconf 82' lang='lat' dir='ltr'>Alpes</span> <span class='ocrx_word' id='word_1_254' title='bbox 1275 3508 1641 3586; x_wconf 88' lang='lat' dir='ltr'>negotiantes</span> <span class='ocrx_word' id='word_1_255' title='bbox 1686 3506 1775 3567; x_wconf 92' lang='lat' dir='ltr'>dis</span> <span class='ocrx_word' id='word_1_256' title='bbox 1788 3512 1912 3565; x_wconf 88' lang='lat' dir='ltr'>erte</span> <span class='ocrx_word' id='word_1_257' title='bbox 1956 3504 2016 3563; x_wconf 90' lang='lat' dir='ltr'>in</span> <span class='ocrx_word' id='word_1_258' title='bbox 2062 3503 2145 3563; x_wconf 90' lang='lat' dir='ltr'>eis</span> <span class='ocrx_word' id='word_1_259' title='bbox 2188 3498 2584 3565; x_wconf 90' lang='lat' dir='ltr'>nominantur,</span> 
     </span>
     <span class='ocr_line' id='line_1_32' title="bbox 351 3603 2585 3691; baseline -0.005 -19"><span class='ocrx_word' id='word_1_260' title='bbox 351 3611 509 3672; x_wconf 85' lang='lat' dir='ltr'>bono</span> <span class='ocrx_word' id='word_1_261' title='bbox 552 3618 750 3673; x_wconf 88' lang='lat' dir='ltr'>tamen</span> <span class='ocrx_word' id='word_1_262' title='bbox 780 3615 910 3674; x_wconf 91' lang='lat' dir='ltr'>iure</span> <span class='ocrx_word' id='word_1_263' title='bbox 953 3631 1288 3691; x_wconf 90' lang='lat' dir='ltr'>supponere</span> <span class='ocrx_word' id='word_1_264' title='bbox 1317 3612 1468 3682; x_wconf 90' lang='lat' dir='ltr'>licet,</span> <span class='ocrx_word' id='word_1_265' title='bbox 1517 3619 1575 3673; x_wconf 92' lang='lat' dir='ltr'>et</span> <span class='ocrx_word' id='word_1_266' title='bbox 1603 3612 1761 3672; x_wconf 92' lang='lat' dir='ltr'>hunc</span> <span class='ocrx_word' id='word_1_267' title='bbox 1806 3617 1863 3670; x_wconf 89' lang='lat' dir='ltr'>et</span> <span class='ocrx_word' id='word_1_268' title='bbox 1903 3608 2068 3669; x_wconf 90' lang='lat' dir='ltr'>illum</span> <span class='ocrx_word' id='word_1_269' title='bbox 2098 3603 2430 3684; x_wconf 87' lang='lat' dir='ltr'>negotiandi</span> <span class='ocrx_word' id='word_1_270' title='bbox 2460 3620 2585 3661; x_wconf 94' lang='lat' dir='ltr'>mo-</span> 
     </span>
     <span class='ocr_line' id='line_1_33' title="bbox 355 3713 2585 3797; baseline -0.003 -19"><span class='ocrx_word' id='word_1_271' title='bbox 355 3718 495 3778; x_wconf 90' lang='lat' dir='ltr'>dum</span> <span class='ocrx_word' id='word_1_272' title='bbox 539 3717 737 3797; x_wconf 85' lang='lat' dir='ltr'>locum</span> <span class='ocrx_word' id='word_1_273' title='bbox 782 3720 897 3779; x_wconf 92' lang='lat' dir='ltr'>iam</span> <span class='ocrx_word' id='word_1_274' title='bbox 928 3726 1069 3779; x_wconf 88' lang='lat' dir='ltr'>tunc</span> <span class='ocrx_word' id='word_1_275' title='bbox 1098 3718 1390 3780; x_wconf 88' lang='lat' dir='ltr'>hahuisse.</span> <span class='ocrx_word' id='word_1_276' title='bbox 1480 3717 1791 3778; x_wconf 83' lang='lat' dir='ltr'>Afferenda</span> <span class='ocrx_word' id='word_1_277' title='bbox 1823 3717 1881 3776; x_wconf 88' lang='lat' dir='ltr'>in</span> <span class='ocrx_word' id='word_1_278' title='bbox 1914 3715 2024 3774; x_wconf 84' lang='lat' dir='ltr'>hac</span> <span class='ocrx_word' id='word_1_279' title='bbox 2053 3730 2120 3774; x_wconf 86' lang='lat' dir='ltr'>re</span> <span class='ocrx_word' id='word_1_280' title='bbox 2150 3715 2362 3776; x_wconf 88' lang='lat' dir='ltr'>veteris</span> <span class='ocrx_word' id='word_1_281' title='bbox 2394 3713 2585 3772; x_wconf 87' lang='lat' dir='ltr'>cuius-</span> 
     </span>
     <span class='ocr_line' id='line_1_34' title="bbox 353 3817 2586 3901; baseline -0.004 -17"><span class='ocrx_word' id='word_1_282' title='bbox 353 3824 489 3884; x_wconf 88' lang='lat' dir='ltr'>dam</span> <span class='ocrx_word' id='word_1_283' title='bbox 534 3825 807 3884; x_wconf 90' lang='lat' dir='ltr'>monachi</span> <span class='ocrx_word' id='word_1_284' title='bbox 853 3831 942 3885; x_wconf 89' lang='lat' dir='ltr'>est</span> <span class='ocrx_word' id='word_1_285' title='bbox 997 3825 1344 3893; x_wconf 79' lang='lat' dir='ltr'>auctoritaS‚</span> <span class='ocrx_word' id='word_1_286' title='bbox 1405 3824 1503 3901; x_wconf 91' lang='lat' dir='ltr'>qui</span> <span class='ocrx_word' id='word_1_287' title='bbox 1561 3824 1688 3899; x_wconf 90' lang='lat' dir='ltr'>ipso</span> <span class='ocrx_word' id='word_1_288' title='bbox 1743 3820 1823 3880; x_wconf 90' lang='lat' dir='ltr'>IX</span> <span class='ocrx_word' id='word_1_289' title='bbox 1877 3819 2111 3881; x_wconf 88' lang='lat' dir='ltr'>saeculo</span> <span class='ocrx_word' id='word_1_290' title='bbox 2169 3818 2360 3880; x_wconf 87' lang='lat' dir='ltr'>Caroli</span> <span class='ocrx_word' id='word_1_291' title='bbox 2408 3817 2586 3876; x_wconf 87' lang='lat' dir='ltr'>vitam</span> 
     </span>
    </p>
   </div>
   <div class='ocr_carea' id='block_1_5' title="bbox 492 4075 2474 4158">
    <p class='ocr_par' dir='ltr' id='par_1_6' title="bbox 492 4075 2474 4158">
     <span class='ocr_line' id='line_1_35' title="bbox 492 4075 2474 4158; baseline -0.002 -16"><span class='ocrx_word' id='word_1_292' title='bbox 492 4092 542 4158; x_wconf 91' lang='lat'>1)</span> <span class='ocrx_word' id='word_1_293' title='bbox 567 4094 604 4144; x_wconf 87' lang='lat' dir='ltr'><strong>J</strong></span> <span class='ocrx_word' id='word_1_294' title='bbox 617 4110 646 4143; x_wconf 95' lang='lat' dir='ltr'>o</span> <span class='ocrx_word' id='word_1_295' title='bbox 660 4109 696 4142; x_wconf 89' lang='lat' dir='ltr'>n</span> <span class='ocrx_word' id='word_1_296' title='bbox 710 4109 742 4143; x_wconf 84' lang='lat' dir='ltr'>a</span> <span class='ocrx_word' id='word_1_297' title='bbox 754 4095 824 4144; x_wconf 87' lang='lat' dir='ltr'>th</span> <span class='ocrx_word' id='word_1_298' title='bbox 843 4110 924 4145; x_wconf 86' lang='lat' dir='ltr'>an</span> <span class='ocrx_word' id='word_1_299' title='bbox 970 4097 1017 4146; x_wconf 87' lang='lat' dir='ltr'><strong>F</strong></span> <span class='ocrx_word' id='word_1_300' title='bbox 1034 4098 1092 4148; x_wconf 85' lang='lat' dir='ltr'>is</span> <span class='ocrx_word' id='word_1_301' title='bbox 1106 4113 1134 4150; x_wconf 83' lang='lat' dir='ltr'>c</span> <span class='ocrx_word' id='word_1_302' title='bbox 1150 4097 1185 4146; x_wconf 91' lang='lat' dir='ltr'>h</span> <span class='ocrx_word' id='word_1_303' title='bbox 1201 4111 1230 4145; x_wconf 88' lang='lat' dir='ltr'>e</span> <span class='ocrx_word' id='word_1_304' title='bbox 1244 4111 1296 4156; x_wconf 89' lang='lat' dir='ltr'>r,</span> <span class='ocrx_word' id='word_1_305' title='bbox 1348 4092 1687 4144; x_wconf 82' lang='lat' dir='ltr'>Geschichte</span> <span class='ocrx_word' id='word_1_306' title='bbox 1736 4092 1832 4141; x_wconf 84' lang='lat' dir='ltr'>des</span> <span class='ocrx_word' id='word_1_307' title='bbox 1868 4075 2175 4141; x_wconf 65' lang='lat' dir='ltr'>deutschen</span> <span class='ocrx_word' id='word_1_308' title='bbox 2207 4088 2474 4140; x_wconf 75' lang='lat' dir='ltr'>HandeIS.</span> 
     </span>
    </p>
   </div>
   <div class='ocr_carea' id='block_1_6' title="bbox 491 4178 2499 4334">
    <p class='ocr_par' dir='ltr' id='par_1_7' title="bbox 491 4178 2499 4334">
     <span class='ocr_line' id='line_1_36' title="bbox 491 4178 2034 4249; baseline -0.001 -18"><span class='ocrx_word' id='word_1_309' title='bbox 491 4181 544 4246; x_wconf 83' lang='lat'>2)</span> <span class='ocrx_word' id='word_1_310' title='bbox 592 4182 895 4233; x_wconf 82' lang='lat' dir='ltr'>Fischer</span> <span class='ocrx_word' id='word_1_311' title='bbox 929 4184 967 4234; x_wconf 91' lang='lat'>1.</span> <span class='ocrx_word' id='word_1_312' title='bbox 1007 4201 1056 4234; x_wconf 85' lang='lat' dir='ltr'>c.</span> <span class='ocrx_word' id='word_1_313' title='bbox 1083 4184 1127 4234; x_wconf 93' lang='grc' dir='ltr'>Ι.</span> <span class='ocrx_word' id='word_1_314' title='bbox 1155 4199 1283 4249; x_wconf 84' lang='lat' dir='ltr'>pag.</span> <span class='ocrx_word' id='word_1_315' title='bbox 1311 4178 1429 4231; x_wconf 83' lang='lat'>682.</span> <span class='ocrx_word' id='word_1_316' title='bbox 1456 4181 1529 4230; x_wconf 92' lang='lat'>11.</span> <span class='ocrx_word' id='word_1_317' title='bbox 1556 4197 1684 4246; x_wconf 84' lang='lat' dir='ltr'>pag.</span> <span class='ocrx_word' id='word_1_318' title='bbox 1712 4178 1814 4229; x_wconf 86' lang='lat'>480</span> <span class='ocrx_word' id='word_1_319' title='bbox 1847 4193 1960 4243; x_wconf 82' lang='lat' dir='ltr'>seq.</span> <span class='ocrx_word' id='word_1_320' title='bbox 2029 4227 2034 4230; x_wconf 83' lang='lat'>.</span> 
     </span>
     <span class='ocr_line' id='line_1_37' title="bbox 493 4262 2499 4334; baseline -0.003 -13"><span class='ocrx_word' id='word_1_321' title='bbox 493 4269 546 4334; x_wconf 85' lang='lat'>3)</span> <span class='ocrx_word' id='word_1_322' title='bbox 595 4270 938 4321; x_wconf 81' lang='lat' dir='ltr'>Muratori</span> <span class='ocrx_word' id='word_1_323' title='bbox 971 4268 1241 4333; x_wconf 69' lang='lat' dir='ltr'>Antiquit.</span> <span class='ocrx_word' id='word_1_324' title='bbox 1271 4269 1477 4332; x_wconf 77' lang='lat' dir='ltr'>Italiae</span> <span class='ocrx_word' id='word_1_325' title='bbox 1501 4270 1656 4320; x_wconf 87' lang='lat' dir='ltr'>Tom.</span> <span class='ocrx_word' id='word_1_326' title='bbox 1682 4269 1740 4319; x_wconf 93' lang='lat'>11</span> <span class='ocrx_word' id='word_1_327' title='bbox 1774 4269 1993 4319; x_wconf 81' lang='lat' dir='ltr'>dissert.</span> <span class='ocrx_word' id='word_1_328' title='bbox 2030 4267 2184 4318; x_wconf 90' lang='lat' dir='ltr'>XXX</span> <span class='ocrx_word' id='word_1_329' title='bbox 2217 4281 2344 4331; x_wconf 84' lang='lat' dir='ltr'>pag.</span> <span class='ocrx_word' id='word_1_330' title='bbox 2381 4262 2499 4315; x_wconf 84' lang='lat'>881.</span> 
     </span>
    </p>
   </div>
  </div>
 </body>
</html>
