3049 5048
1508 257 1591 317 26

442 445 616 506 simul
660 453 801 507 tunc
845 445 1185 506 comitatum
1228 444 1467 504 tenebat
1495 443 1539 525 1)
1589 452 1647 505 et
1689 445 1762 506 ab
1810 464 1879 507 eo
1924 447 2249 524 petierunt,
2306 455 2374 509 ut
2425 451 2674 527 pristino

440 553 631 612 ordini
684 569 782 612 res
837 551 1132 610 redderet.
1223 550 1403 610 Donis
1448 558 1506 611 et
1548 553 2037 629 promissionibus
2080 554 2178 615 ille
2223 573 2293 615 eo
2337 558 2673 634 pervenisse

396 659 697 728 videtur,
749 663 817 717 ut
876 659 1068 718 denuo
1122 658 1345 717 itineris
1397 658 1773 718 securitatem
1825 659 2057 721 Venetis
2100 660 2538 738 polliceretur;.
2569 664 2673 724 sed

438 780 583 823 vana
616 770 674 824 et
702 763 847 824 haec
888 765 1024 831 fuit;
1072 781 1209 823 mox
1242 764 1397 825 enim
1427 781 1644 824 novum
1687 767 1983 843 reperitur
2014 768 2264 829 Senatus
2310 768 2669 830 consultum:

530 868 688 929 1353
736 868 792 928 d.
841 868 940 928 21.
990 870 1148 947 Sept.

692 974 862 1045 Quod
892 977 1154 1037 mittatur
1184 994 1299 1036 una
1330 993 1583 1053 persona
1627 977 1925 1040 sufficiens
1954 981 2028 1040 ad
2058 980 2457 1041 Marchionem
2486 981 2669 1042 Bran-

522 1081 939 1159 dihurgensem
984 1100 1101 1143 una
1147 1101 1281 1143 cum
1325 1083 1541 1142 nuncio
1587 1101 1694 1143 suo
1739 1084 1812 1143 ad
1856 1086 2336 1162 persentiendum
2382 1076 2551 1147 caute
2601 1088 2674 1148 de

522 1206 695 1247 causa
739 1205 848 1265 per
896 1204 1070 1265 quam
1115 1188 1408 1248 revocavit
1449 1190 1824 1251 securitatem
1870 1209 2046 1270 quam
2075 1194 2430 1270 promiserat
2458 1195 2674 1255 nostris

523 1293 970 1355 mercatoribus.
1001 1291 1046 1372 ²)

608 1400 724 1460 Sed
767 1401 883 1459 iam
940 1417 1143 1459 mense
1200 1408 1483 1478 sequente
1540 1402 1868 1469 discordiae
1924 1403 2159 1463 sedatae
2205 1421 2333 1463 esse
2381 1404 2670 1467 videntur.

437 1505 768 1591 Ludovicus
811 1505 1074 1565 marchio
1118 1504 1376 1583 legatum
1421 1508 1494 1568 de
1539 1508 1631 1568 his
1674 1508 1853 1570 rebus
1898 1510 1969 1569 ad
2016 1509 2269 1570 Venetos
2312 1511 2485 1582 misit,
2529 1531 2672 1590 quo-

438 1630 572 1671 cum
601 1610 679 1669 ita
711 1612 898 1688 egisse
926 1612 1214 1681 videntur,
1246 1622 1312 1674 ut
1338 1616 1621 1692 pristinus
1651 1614 1797 1675 ordo
1828 1616 2040 1677 abinde
2070 1617 2184 1676 iam
2215 1617 2449 1678 rediret.
2483 1618 2673 1680 Docu-

438 1722 698 1777 mentum
748 1718 906 1796 quod
952 1718 1026 1778 de
1069 1719 1179 1780 hac
1231 1718 1520 1797 legatione
1576 1725 1847 1798 superest
1902 1738 1934 1779 a
1993 1718 2188 1779 Monio
2244 1724 2526 1784 omissum
2579 1722 2676 1784 hic

439 1823 712 1902 adiunge.
1331 1835 1335 1838 ’

612 1927 775 1990 1353
822 1929 877 1989 d.
927 1929 1027 1992 29.
1077 1931 1202 1992 Oct.

691 2034 837 2096 Cum
892 2037 1128 2114 quidam
1172 2038 1534 2100 ambaxiator
1588 2039 1686 2100 dni
1741 2038 2098 2099 marchionis
2141 2038 2674 2117 Brandiburgensis

521 2141 638 2201 huc
682 2142 906 2202 venerit
946 2161 1057 2220 pro
1102 2134 1255 2204 facto
1301 2146 1628 2205 securitatis
1674 2144 1885 2205 camini
1924 2143 1998 2203 de
2028 2142 2418 2220 Norimberga
2450 2151 2507 2204 et
2536 2161 2672 2222 pro-

519 2249 743 2308 visores
788 2250 1120 2309 communis
1165 2251 1520 2311 contulerint
1565 2269 1699 2313 cum
1743 2251 1870 2328 ipso
1916 2249 2143 2310 ambax.
2190 2257 2248 2310 et
2306 2253 2479 2311 etiam
2539 2270 2673 2312 cum

520 2353 979 2422 mercatoribUS,
1040 2354 1140 2430 qui
1196 2362 1442 2417 utuntur
1485 2376 1596 2437 per
1638 2356 1781 2419 illud
1840 2357 2165 2425 caminum,
2224 2356 2381 2435 quod
2439 2357 2674 2436 quidem

520 2468 881 2522 mercatores
939 2465 1197 2524 contenti
1253 2469 1390 2527 sunt
1444 2464 1518 2524 de
1573 2465 1663 2527 his
1720 2484 1835 2545 que
1889 2465 2031 2527 fient
2085 2482 2194 2544 per
2249 2449 2573 2524 dominium
2618 2469 2677 2524 et

522 2569 708 2629 dictos
752 2569 1116 2659 provisores,
1176 2574 1409 2651 quide
1465 2572 1580 2632 hoc
1623 2572 1776 2632 facto
1832 2578 1970 2632 sunt
2024 2570 2199 2649 plene
2252 2570 2549 2630 informati
2598 2605 2668 2613 —

518 2676 674 2736 vadit
727 2694 896 2753 parS,
955 2678 1113 2754 quod
1176 2678 1314 2739 dicti
1370 2680 1705 2756 provisores
1761 2696 1871 2755 pro
1918 2680 2231 2739 securitate
2275 2676 2413 2736 dicti
2460 2676 2675 2737 camini

519 2782 773 2843 habeant
816 2781 1050 2858 plenam
1103 2780 1434 2846 libertatem
1491 2803 1598 2862 per
1655 2785 1938 2844 maiorem
1994 2790 2223 2862 partem
2283 2800 2491 2843 eorum
2546 2788 2672 2841 ten-

517 2888 677 2948 tandi
723 2894 781 2947 et
824 2888 1155 2966 complendi
1198 2889 1341 2951 illud
1386 2891 1545 2969 quod
1589 2892 1767 2952 fuerit
1794 2889 2194 2950 necessarium
2226 2906 2361 2949 cum
2401 2887 2673 2948 ambaxa-

521 3002 649 3055 tore
704 2996 1000 3072 predicte,
1065 2987 1334 3074 exceptis
1381 3003 1577 3057 autem
1645 2995 1758 3077 [et]
1825 2994 2315 3074 promissionibus
2381 2994 2674 3054 donorum
2701 2983 2718 3001 ⁸

517 3102 848 3163 fiendorum
908 3103 1064 3163 dicto
1124 3103 1362 3165 domino
1418 3102 1760 3163 Marchioni.
1850 3102 1966 3163 Pro
2023 3102 2181 3162 bono
2253 3106 2311 3160 et
2361 3101 2676 3161 securitate

519 3209 655 3269 dicti
711 3209 922 3269 camini
979 3212 1206 3287 possint
1247 3211 1360 3287 ipsi
1403 3209 1738 3286 provisores
1783 3210 2089 3286 imponere
2131 3209 2448 3289 pedagium
2496 3228 2675 3287 super

518 3334 722 3377 omnes
754 3323 812 3376 et
840 3317 1099 3395 singulas
1128 3316 1311 3377 hallas
1343 3316 1745 3394 cuiuscunque
1777 3313 2138 3375 condicionis
2158 3359 2173 3382 ,
2208 3333 2322 3394 que
2353 3315 2426 3375 de
2454 3314 2668 3376 Venec.

518 3441 872 3502 quocunque
915 3424 1092 3483 modo
1137 3424 1441 3483 mittentur
1478 3424 1541 3483 in
1570 3421 1847 3482 Barbant.
1883 3419 2117 3478 Frandi.
2154 3418 2230 3498 (h.
2252 3439 2301 3480 e.
2318 3411 2672 3501 Flandriam)

518 3536 576 3590 et
604 3531 664 3589 in
695 3546 1108 3608 quamcunque
1139 3527 1310 3588 aliam
1339 3534 1568 3607 partem
1601 3534 1659 3588 et
1687 3528 1949 3587 facerent
1975 3526 2285 3585 transitum
2316 3545 2424 3604 per
2455 3527 2674 3588 dictum

518 3637 828 3696 caminum.
877 3634 950 3693 Et
995 3633 1258 3694 similiter
1304 3653 1418 3713 que
1464 3634 1537 3694 de
1582 3627 1931 3710 supradictis
1970 3632 2237 3710 partibus
2269 3634 2675 3694 conducentur

517 3732 869 3820 quocunque
912 3741 1088 3800 modo
1133 3740 1412 3801 Venecias
1455 3739 1566 3800 vel.
1589 3741 1649 3799 in
1694 3739 1865 3800 aliam
1908 3745 2166 3818 partem,
2241 3755 2356 3816 que
2414 3739 2678 3799 facerent

567 4013 617 4079 l)
646 4010 1015 4079 Cogitandum
1050 4012 1116 4062 de
1153 4011 1442 4064 Ludovico
1465 4011 1814 4074 marchione,
1852 4009 2128 4061 Ludovici
2163 4009 2514 4075 imperatoris
2540 4009 2671 4072 filio,

429 4106 523 4171 qui
570 4119 692 4153 cum
727 4117 896 4153 uxore
941 4102 1327 4169 Margaretha.
1355 4098 1517 4163 (nom.
1569 4099 1909 4165 Maultasch)
1945 4100 2192 4150 Tiroliae
2232 4100 2554 4149 comitatum
2582 4115 2673 4149 ac-

430 4212 494 4246 ce
539 4198 677 4245 erat.

498 4212 532 4261 p
560 4282 614 4349 2)
640 4283 954 4335 Deliberat.
986 4282 1226 4334 Senatus
1250 4281 1430 4333 Mixta
1455 4280 1610 4331 Tom.
1637 4279 1835 4331 XXVI.
