3049 5048
986 948 1890 1048 PROOEMIUM.

501 1231 694 1303 Quum
751 1252 943 1312 nuper
1001 1236 1158 1314 apud
1222 1235 1473 1299 Venetos
1526 1255 1637 1315 per
1712 1236 1939 1316 aliquot
2004 1236 2237 1297 menses
2293 1236 2560 1298 morandi

328 1360 392 1400 se
447 1341 588 1400 mihi
645 1339 890 1401 facultas
934 1340 1270 1413 obtulisset,
1326 1345 1623 1421 acceptius
1677 1344 1736 1402 in
1793 1343 1904 1403 hac
1957 1361 2024 1403 re
2080 1342 2224 1403 nihil
2269 1345 2558 1403 existima-

328 1447 494 1518 bam,
559 1467 735 1526 quam
791 1432 948 1524 quod
994 1447 1167 1509 simul
1225 1448 1458 1527 copioSa
1503 1447 1599 1508 illa
1652 1467 1721 1508 ac
1765 1450 2210 1526 pretiossissima
2255 1449 2557 1510 literarum

326 1552 721 1632 historiaeque
774 1562 1187 1626 monumenta,
1246 1573 1397 1634 quae
1463 1555 1523 1613 in
1579 1552 1933 1614 bibliotheca
1989 1550 2068 1620 S·³.
2149 1555 2328 1616 Marci
2387 1561 2444 1616 et
2499 1556 2558 1615 in

326 1676 571 1736 magnO,
633 1660 788 1737 quod
848 1659 985 1720 olim
1042 1660 1399 1740 reipublicae
1453 1659 1707 1720 Venetae
1781 1659 1915 1729 fuit,
1975 1658 2262 1720 tabulario
2322 1679 2557 1721 conser-

326 1771 563 1834 vantur,
625 1785 696 1826 ex
750 1773 920 1844 parte
980 1765 1191 1837 saltem
1242 1784 1601 1846 cognoscere
1645 1764 1787 1824 mihi
1833 1764 2062 1826 licebat.
2154 1767 2357 1846 Neque
2403 1768 2557 1828 enim

327 1869 509 1930 defuit
552 1874 770 1948 petenti
845 1873 1106 1934 virorum
1163 1873 1503 1942 doctorum,
1563 1871 1662 1950 qui
1716 1871 1827 1931 illis
1880 1872 2170 1934 thesauris
2228 1874 2557 1936 custodien-

324 1975 413 2035 dis
456 1984 760 2054 praesunt,
809 1978 1229 2039 officiosissima
1271 1978 1556 2039 voluntas

496 2080 1004 2152 Quemadmodum
1050 2104 1188 2147 vero
1233 2085 1500 2146 accidere
1546 2082 1720 2152 solet,
1776 2088 1842 2142 ut
1898 2083 2070 2143 etiam
2113 2087 2559 2164 peregrinantes

324 2185 594 2248 homines
649 2208 1033 2271 quaecunque
1087 2192 1146 2251 in
1203 2192 1378 2252 terris
1439 2189 1655 2251 exteris
1712 2194 1811 2248 aut
1864 2188 2144 2260 viderint,
2202 2199 2301 2252 aut
2358 2192 2555 2252 audie-

322 2293 474 2363 rint,
533 2300 632 2354 aut
687 2298 1122 2374 perpetiantur,
1182 2298 1253 2358 ad
1310 2298 1559 2375 patriam
1613 2312 1828 2372 resque
1890 2294 2108 2373 patrias
2163 2301 2359 2373 mente
2403 2297 2553 2357 refe·

322 2405 488 2469 rant,
544 2399 623 2461 ita
682 2419 790 2479 ego
849 2421 1084 2482 quoque
1145 2421 1213 2463 eo
1267 2404 1537 2481 protinus
1582 2398 1784 2461 oculos
1830 2400 2115 2470 converti,
2173 2408 2239 2461 ut
2281 2401 2556 2463 historiae

323 2504 548 2584 patriae
592 2505 652 2566 in
695 2526 906 2587 magna
952 2508 1047 2571 illa
1092 2486 1610 2571 monumentorum
1658 2506 1824 2584 copia
1868 2505 2107 2585 vestigia
2143 2524 2553 2588 persequerer.

322 2609 571 2672 Maxime
625 2612 686 2672 in
741 2613 854 2675 hac
908 2633 977 2675 re
1031 2622 1159 2676 acta
1215 2622 1272 2678 et
1326 2615 1678 2676 documenta
1732 2614 2050 2693 spectanda
2120 2619 2257 2674 sunt
2322 2614 2556 2692 publica

324 2718 671 2779 auctoritate
715 2721 964 2799 scripta,
1027 2740 1176 2800 quae
1231 2723 1394 2800 prius
1451 2720 1607 2799 apud
1653 2718 1904 2782 Venetos
1957 2720 2114 2780 bono
2159 2720 2414 2800 quodam
2460 2739 2555 2782 or-

323 2823 459 2883 dine
504 2823 710 2885 haberi
756 2835 1215 2897 consueverunt,
1275 2846 1452 2907 quam
1496 2826 1672 2904 apud*
1698 2826 2011 2905 plerosque
2055 2825 2228 2896 alios;
2276 2846 2393 2906 quo
2438 2828 2556 2888 fac-

324 2937 449 2991 tum
498 2937 613 3002 est,
661 2938 727 2992 ut
772 2934 1032 2993 continui
1077 2952 1280 2995 rerum
1326 2938 1624 3010 gestarum
1669 2930 1784 3015 illic
1830 2931 2163 2991 etiamnunc
2207 2949 2555 2993 conserven-

320 3042 418 3097 tur
463 3039 867 3099 commentarii
913 3057 982 3099 eo
1027 3039 1311 3117 temporis
1355 3037 1728 3104 recedentes,
1774 3042 1840 3096 ut
1871 3034 1979 3095 alia
2009 3035 2166 3097 haud
2198 3037 2365 3100 facile
2395 3045 2556 3099 terra

322 3144 635 3214 exstiterit,
696 3163 844 3223 quae
901 3145 1202 3224 propriam
1259 3141 1435 3203 medii
1497 3142 1621 3202 aevi
1677 3141 1980 3201 historiam
2039 3146 2158 3203 tam
2219 3145 2556 3206 cohaerenti

320 3255 586 3309 actorum
633 3250 785 3310 serie
825 3251 1010 3328 possit
1053 3249 1364 3330 illustrare.
1456 3246 1772 3309 Crescente
1816 3239 2028 3309 autem'
2044 3249 2401 3311 Venetorum
2448 3268 2551 3328 po-

318 3354 498 3415 tentia
545 3355 759 3426 evenit,
818 3364 884 3416 ut
927 3356 1226 3435 paullatim
1273 3371 1408 3415 cum
1449 3351 1748 3432 plerisque
1802 3355 2076 3435 Europae
2118 3355 2450 3417 nationibus
2494 3358 2552 3416 in

319 3478 511 3520 usum,
545 3461 841 3531 venirent;
891 3468 948 3522 et
979 3480 1160 3540 quum
1192 3461 1454 3520 omnium
1485 3477 1719 3529 rerum,
1768 3479 1917 3539 quae
1963 3473 2098 3522 cum
2144 3461 2358 3520 exteris
2399 3467 2552 3521 trac-

317 3564 626 3635 tabantur,
672 3568 1109 3627 accuratissima
1153 3566 1359 3627 notitia
1402 3565 1462 3624 in
1508 3567 1943 3655 commentariis
1986 3564 2277 3646 perscribi
2321 3564 2554 3638 soleret,

319 3690 389 3732 ex
437 3672 657 3733 eisdem
688 3674 805 3733 iam
850 3672 1030 3733 multa
1062 3671 1331 3751 depromi
1361 3676 1610 3749 possunt
1653 3668 1785 3747 plus
1823 3671 2086 3732 minusve
2132 3672 2359 3750 gravia,
2407 3689 2557 3749 quae

317 3776 391 3837 ad
434 3777 854 3857 plerarumque
897 3777 1169 3855 Europae
1214 3784 1510 3837 terrarum
1556 3775 1858 3837 historiam
1903 3778 2215 3856 pertinent.

490 3881 657 3953 Quod
717 3884 764 3942 si
808 3881 1148 3942 notitiarum
1205 3863 1342 3941 inde
1384 3880 1772 3959 petendarum
1819 3882 2046 3960 copiam
2094 3890 2152 3944 et
2195 3883 2552 3961 gravitatem,

318 3987 401 4046 uti
435 3993 894 4047 consentaneum
941 3993 1057 4055 est,
1106 4003 1176 4046 ex
1224 4005 1295 4047 eo
1333 3992 1574 4048 mutuae
1616 3986 2064 4047 necessitudinis
2094 3987 2283 4066 gradu
2314 4004 2556 4065 compu-

318 4099 541 4162 tamus,
602 4093 701 4171 qui
754 4093 907 4153 inter
961 4089 1184 4151 Italiam
1245 4100 1303 4153 et
1356 4092 1616 4171 singulas
1660 4092 1925 4152 nationes
1968 4093 2141 4153 variis
2190 4090 2558 4168 temporibus

316 4196 513 4258 locum
558 4197 840 4268 habebat,
888 4197 960 4257 ad
990 4196 1211 4258 nullam
1256 4198 1381 4259 fere
1425 4204 1646 4259 terram
1678 4197 1940 4275 saepiuS,
1989 4214 2163 4274 quam
2208 4195 2280 4255 ad
2312 4195 2555 4255 Germa-

317 4304 503 4373 niam,
551 4309 679 4363 acta
720 4289 941 4364 'Veneta
984 4304 1283 4382 respicere
1328 4322 1575 4365 necesse
1619 4309 1725 4365 est.
1813 4301 1880 4363 Id
1925 4302 2082 4381 quod
2126 4319 2264 4363 vere
2303 4317 2418 4361 usu
2459 4318 2556 4360 ve-

2057 4403 2080 4462 ]
2110 4403 2144 4440 ἡ
