3049 5048
1419 259 1481 315 11

335 449 423 502 est
465 460 713 520 magnus
757 440 852 501 ille
897 442 1205 519 splendor,
1264 462 1439 521 quem
1482 444 1618 504 inde
1664 444 1735 504 ab
1782 445 1895 505 hoc
1938 453 2205 523 tempore
2262 464 2364 506 eae
2423 445 2567 506 Ger-

332 548 560 607 maniae
605 549 860 607 civitates
905 555 1108 608 nactae
1152 554 1319 617 sunt,
1378 568 1528 626 quae
1571 567 1714 628 prae
1759 549 1996 628 reliquis
2039 552 2569 630 frequentissimam

337 671 471 713 cum
531 652 762 714 Venetis
815 655 1268 732 negotiationem
1313 653 1624 714 habebant.
1713 655 1833 715 Iam
1886 657 2093 732 igitur,
2152 676 2267 735 quo
2332 664 2570 718 mutuae

339 759 775 828 consuetudinis
832 761 1040 821 melius
1097 762 1246 821 ratio
1301 767 1612 837 appareat,
1637 792 1646 805 ‚
1669 760 1925 838 singulas
1971 762 2225 823 civitates
2270 760 2572 832 adeamuS,

338 873 395 926 et
437 884 554 945 quo
600 884 867 945 quaeque
897 873 1191 945 tempore,
1240 885 1354 944 qua
1383 867 1500 935 via,
1549 866 1761 944 quibus
1793 868 2221 931 conditionibus
2249 870 2385 930 huic
2414 887 2568 928 mer-

338 978 572 1034 caturae
617 973 939 1044 studuerit,
982 974 1259 1053 deinceps
1304 972 1680 1034 disseramus,
2113 954 2122 969 ⁸

1401 1547 1501 1621 ΙΙ.

510 1777 743 1837 Initium
812 1783 1004 1838 autem
1069 1779 1351 1839 faciamus
1407 1797 1440 1840 a
1494 1778 1921 1841 Ratishona.
2012 1777 2569 1859 Frequentissimam

342 1887 400 1945 in
445 1886 555 1945 hac
601 1884 824 1944 civitate
870 1884 1184 1961 antiquitus
1230 1885 1407 1946 tuisse
1451 1893 1846 1947 mercaturam
1892 1894 2133 1947 constat.
2226 1886 2445 1963 Sponte
2498 1883 2569 1943 ad

343 2010 471 2051 eam
515 1989 780 2050 Danubio
826 1989 1278 2069 praeterfluente
1325 1992 1477 2052 clves
1521 1993 1980 2062 inducebantur;
2026 1994 2130 2054 sed
2174 1993 2331 2053 idem
2361 1990 2571 2051 fluvius

343 2095 460 2157 dux
505 2096 676 2156 simul
724 2102 782 2156 et
824 2096 997 2156 index
1044 2098 1285 2165 exstitit,
1338 2087 1444 2174 'qui
1489 2098 1608 2157 vias
1654 2103 1736 2161 eis
1779 2100 2237 2180 praescriberet,
2297 2098 2396 2158 ad'
2427 2114 2571 2174 quas

338 2202 706 2292 potiss1mum
751 2220 814 2262 se
859 2202 1194 2280 dirigerent.
1284 2203 1454 2264 Hunc
1496 2206 1675 2282 igitur
1718 2208 2033 2286 praecique
2072 2211 2432 2266 mercatores
2461 2201 2573 2260 Ra-

344 2306 707 2367 tisbonenses
761 2309 1189 2387 sequebantur,
1249 2311 1536 2371 orientem
1590 2313 1761 2373 simul
1820 2320 1876 2374 et
1920 2313 2283 2373 occidentem
2337 2325 2571 2374 versus;

343 2414 524 2474 altera
570 2432 638 2474 ex
683 2422 852 2491 parte
882 2414 1211 2485 Bavariam,
1260 2416 1530 2477 Sueviam
1559 2418 1863 2495 petebant,
1908 2425 2035 2478 tum
2065 2416 2269 2477 relicto
2308 2388 2629 2475 Danubio.
2669 2486 2672 2489 Ἴ

344 2522 516 2582 etiam
572 2519 763 2582 Moeni
817 2521 1125 2601 Rhenique
1181 2524 1452 2601 regiones
1508 2523 1893 2593 accedebant;
1952 2543 2023 2584 ex
2080 2521 2261 2583 altera
2316 2518 2574 2581 fluminis

341 2628 570 2706 lapsum
601 2636 912 2707 sequentes
955 2630 1014 2688 in
1058 2628 1350 2689 Austriam
1381 2632 1798 2708 perveniebant
1827 2639 2001 2710 atque
2030 2629 2165 2689 inde
2196 2629 2254 2688 in
2284 2625 2571 2693 Russiam,

344 2735 674 2805 Poloniam,
721 2735 1091 2804 Borussiam,
1138 2734 1481 2797 Bohemiam
1527 2738 1637 2798 iter
1683 2737 2029 2815 dirigebant.
2065 2732 2108 2814 ¹)

511 2843 924 2902 Verumtamen
968 2860 1086 2901 non
1131 2842 1253 2902 sola
1297 2843 1441 2902 haec
1487 2844 1570 2902 eis
1613 2844 1818 2903 itinera
1864 2843 2042 2902 fuisse
2085 2840 2387 2907 videntur;
2443 2844 2578 2899 sunt

344 2967 529 3028 pauca
575 2968 741 3018 sane,
787 2948 890 3009 sed
935 2955 1071 3008 sunt
1112 2949 1380 3026 vestigia,
1428 2948 1585 3009 unde
1616 2967 1750 3009 cum
1795 2947 2027 3007 Venetis
2071 2947 2228 3007 forse
2258 2947 2372 3006 iam
2415 2945 2578 3022 prius

346 3074 446 3117 eos
504 3055 856 3115 commercia
913 3053 1188 3113 habuisse
1245 3053 1537 3134 conjicere
1594 3054 1760 3124 licet,
1826 3072 2002 3132 quam
2065 3053 2144 3113 illi
2212 3054 2311 3131 qui
2375 3058 2577 3128 postea

344 3164 562 3241 primas
606 3162 665 3221 in
709 3161 819 3220 hac
863 3165 1193 3220 mercatura
1237 3166 1433 3236 partes
1489 3161 1757 3238 agebant.
1850 3158 2041 3219 Caroli
2084 3157 2158 3217 IV
2201 3157 2579 3234 Imperatoris

346 3276 531 3329 aetate
576 3266 812 3346 quidam
857 3264 1133 3324 Bavariae
1177 3263 1470 3325 annalium
1514 3271 1720 3325 auctor
1751 3265 2201 3344 discrepantiam
2232 3270 2420 3323 ortam
2452 3279 2579 3321 esse

346 3374 523 3434 tradit
564 3374 716 3432 inter
760 3370 1214 3432 Ratishonenses
1261 3378 1317 3430 et
1348 3369 1878 3448 Norimbergenses
1923 3371 1997 3431 de
2040 3371 2231 3448 primo
2278 3368 2482 3429 ordine
2518 3368 2577 3425 in

347 3482 565 3543 sontico
608 3479 1107 3539 Theotonicorum
1150 3475 1305 3554 apud
1348 3475 1601 3535 Venetos
1645 3475 1993 3544 obtinend0;
2041 3494 2175 3536 eum
2219 3473 2348 3534 illos
2392 3490 2579 3550 usque

347 3589 418 3648 ad
465 3588 577 3646 hoc
621 3593 852 3662 tempus
897 3583 1197 3653 habuisse,
1245 3589 1302 3642 at
1331 3583 1445 3642 iam
1475 3580 1592 3641 sibi·
1615 3580 2141 3659 Norimbergenses
2172 3579 2579 3658 postulavisse;

348 3697 420 3757 ad
475 3696 667 3772 ipsum
723 3691 1082 3751 Venetorum
1142 3694 1408 3750 senatum
1465 3679 1732 3746 caussam
1778 3687 1955 3746 fuisse
2001 3686 2280 3756 delatam,
2328 3703 2580 3762 eumque

349 3803 594 3882 pristino
653 3800 880 3859 honore
950 3812 1069 3854 non
1130 3811 1258 3854 esse
1317 3791 1658 3872 privandam
1715 3791 2226 3853 Ratishonensium
2294 3793 2579 3853 civitatem

488 4072 536 4136 1)
561 4073 740 4124 Multa
775 4077 1062 4142 utriusque
1099 4074 1324 4127 itineris
1361 4065 1613 4138 exempla
1649 4073 1884 4138 sparsim
1910 4073 2259 4136 reperiuntur
2285 4070 2430 4134 apud
2466 4069 2581 4117 Ge-

351 4163 480 4212 mei
497 4178 616 4212 ner
668 4165 1099 4231 Regensburger
1143 4162 1388 4213 Chronik
1442 4160 1552 4212 vol.
1605 4162 1648 4212 Ι.
1731 4161 1890 4212 Conf.
1938 4161 2315 4212 Hiillmann
2360 4155 2576 4208 St'adte-

351 4267 535 4302 wesen
571 4254 667 4303 des
691 4252 1054 4303 Mittelalters
1079 4253 1107 4303 I
1143 4267 1271 4320 pag.
1299 4249 1399 4302 337
1424 4266 1539 4319 seq.
