3049 5048
1586 292 1668 352 20

484 554 489 558 ,
594 479 894 543 tuentibus
939 481 1078 558 ipsis
1130 479 1314 541 hallas
1360 485 1418 540 et
1459 498 1558 540 res
1615 486 1672 539 et
1716 476 2117 537 mercaciones
2173 478 2568 551 sequestratas
2620 489 2757 549 pre·
2865 513 2870 519 >

599 572 798 648 dictasss
888 584 1057 645 Unde
1123 602 1255 644 cum
1313 590 1585 644 nostrum
1638 584 1920 644 nuncium
1987 581 2452 641 transmittamus
2518 579 2592 639 ad
2661 597 2762 639 eos

596 710 707 770 pro
754 691 946 751 dando
993 691 1076 749 eis
1120 690 1576 749 instrumentum
1620 687 1954 767 predictum
2000 693 2057 747 et
2100 684 2270 747 ballis
2299 686 2441 764 ipsis
2471 685 2757 762 recipien-

599 797 688 856 dis
732 797 804 857 ab
853 797 935 856 eis
981 802 1040 855 et
1083 794 1362 854 venecias
1408 793 1846 863 3311111133111113,1
1882 791 2298 853 Celsitudinem
2342 797 2626 878 vestram,
2685 790 2758 849 de

600 921 713 980 qua
758 900 931 979 plene
973 901 1352 968 confidimuS‚
1400 899 1715 959 affectuose
1746 916 2052 978 rogamuS,
2101 905 2390 977 quatenus
2430 895 2593 957 vobis
2633 894 2756 973 pla·

600 1014 755 1078 ceat,
810 1005 1003 1068 taliter
1061 1004 1341 1065 mandare
1399 1003 1512 1064 illis
1569 1006 1668 1083 qui
1725 1004 1798 1065 de
1850 1012 2045 1065 vestro
2091 1003 2367 1063 mandato
2423 1009 2560 1063 sunt
2603 1001 2758 1080 apud

600 1114 826 1182 sauceS‚
887 1112 1045 1190 quod
1108 1110 1290 1171 dictas
1346 1109 1529 1171 ballas
1585 1112 1711 1172 sine
1768 1110 2187 1189 impedimento
2242 1109 2379 1170 inde
2422 1111 2763 1187 permittant

498 1290 501 1291 ⁷
600 1219 762 1278 exire
808 1224 867 1277 et
907 1234 1015 1294 per
1058 1222 1317 1276 vestrum
1362 1215 1692 1277 districtum
1738 1215 1987 1277 conduci
2017 1232 2243 1283 secure,
2291 1231 2500 1292 preces
2529 1221 2761 1274 nostras

603 1322 792 1383 taliter
858 1322 1195 1390 admissuri,
1268 1322 1424 1399 quod
1483 1322 1693 1382 exinde
1748 1321 1954 1381 vestris
2027 1314 2409 1397 beneplacitis
2472 1319 2759 1380 libencius

601 1426 990 1488 intendamus,

1123 1532 1248 1592 Dat.
1299 1530 1468 1591 XVII.
1517 1531 1747 1592 octubr.
1797 1529 1913 1589 VII.
1962 1530 2144 1591 Indic.

516 1639 789 1699 Ceterum
833 1639 1156 1699 notandum
1202 1644 1289 1697 est
1332 1636 1404 1697 de
1448 1637 1730 1697 Faucium
1775 1634 2020 1713 oppido,
2078 1634 2237 1713 quod
2289 1635 2350 1695 in
2396 1636 2752 1696 documento

519 1747 812 1825 superiori
867 1746 1225 1824 reperimuS‚
1286 1742 1403 1803 illic
1458 1745 1704 1819 portorii
1760 1736 2121 1800 exactionem
2167 1739 2239 1800 ab
2296 1749 2546 1819 utraque
2590 1747 2757 1818 parte

515 1853 642 1912 fieri
688 1853 1074 1913 consuevisse.
1145 1848 1339 1920 Quum
1384 1847 1540 1907 enim
1583 1847 1641 1905 in
1689 1847 1939 1906 confinio
1984 1848 2161 1908 situm
2206 1854 2360 1908 esset
2403 1850 2555 1908 inter
2611 1848 2756 1908 Sue·

516 1959 667 2018 viam
714 1963 772 2017 et
814 1956 1112 2025 Tiroliam,
1161 1953 1342 2014 altera
1387 1970 1458 2012 ex
1502 1958 1671 2028 parte
1715 1951 1899 2021 ducis»,
1948 1970 2019 2012 ex
2064 1951 2245 2013 altera
2302 1955 2756 2033 Augustensium

517 2063 795 2124 officiales
850 2061 1093 2123 instituti
1151 2064 1334 2127 erant,
1391 2058 1491 2135 qui
1545 2059 1808 2135 portoria
1861 2076 1894 2117 3
1948 2058 2376 2120 mercatoribus
2432 2061 2750 2138 exigerent.

515 2169 664 2229 Hinc
708 2167 1049 2246 intelligitur
1095 2184 1201 2226 cur
1247 2164 1443 2242 „apud
1488 2162 1753 2223 Fauces“
1798 2154 2153 2225 Venetorum
2200 2164 2295 2225 illa
2338 2166 2494 2227 bona
2539 2167 2755 2228 suerint

516 2280 920 2352 „sequestrata
977 2280 1034 2332 et
1087 2277 1385 2340 retenta“;
1441 2269 1679 2330 minime
1735 2270 1890 2329 enim
1935 2270 2008 2330 de
2052 2269 2377 2332 latronibus
2420 2274 2480 2331 in
2524 2272 2636 2332 hac
2690 2291 2757 2333 re
2868 2316 2878 2323 -

516 2379 917 2458 cogitandum3
964 2378 1082 2436 imo
1128 2375 1361 2453 publica
1405 2376 1752 2435 auctoritate
1796 2376 2013 2436 factum
2059 2378 2183 2438 fuit.
2258 2376 2513 2437 Tiroliae
2558 2384 2753 2439 autem

517 2485 725 2546 ducem
771 2500 910 2545 suos
940 2482 1157 2543 ibidem
1188 2481 1462 2543 habuisse
1493 2479 1770 2542 officiales
1802 2500 1873 2542 ex
1904 2482 2270 2544 antecedenti
2303 2481 2546 2560 epistola
2574 2489 2751 2560 patet,

514 2593 574 2650 in
632 2609 745 2668 (1113
800 2587 979 2649 verba
1032 2586 1309 2666 leguntur
1355 2585 1560 2657 „vobis
1604 2585 1831 2663 placeat
1873 2586 2066 2650 taliter
2111 2589 2393 2649 mandare
2436 2588 2577 2660 illis,
2637 2589 2754 2668 qui

516 2697 600 2756 de
642 2701 889 2755 vestro
934 2692 1282 2753 mandato
1327 2699 1496 2753 sunt
1539 2691 1727 2769 apud
1774 2692 2110 2763 fauces“,
2169 2713 2318 2773 quae
2376 2696 2448 2757 de
2502 2698 2752 2775 vectiga-

514 2800 657 2860 lium
704 2797 1076 2858 exactoribus
1120 2797 1277 2858 haud
1325 2798 1502 2859 dubie
1546 2796 1917 2875 intelligenda
1962 2807 2114 2860 sunt.

683 2904 797 2965 Sed
843 2904 989 2964 haec
1033 2903 1268 2982 quidem
1313 2903 1387 2964 de
1431 2904 1543 2964 1133
1588 2905 1706 2974 via,
1752 2922 1902 2982 quae
1945 2903 2083 2966 olim
2113 2906 2581 2983 frequentissima
2620 2914 2754 2984 post

511 3007 744 3070 labente
787 3006 1087 3085 paullatim
1130 3011 1257 3088 ipsa
1301 3009 1658 3069 Venetorum
1701 3017 2034 3070 mercatura
2078 3012 2264 3089 magis
2308 3015 2610 3092 magisque
2651 3013 2750 3074 de·

510 3112 763 3192 relinqui
821 3114 1028 3191 coepit.
1131 3113 1280 3175 Sunt
1331 3132 1471 3174 vero
1528 3114 1628 3192 qui
1684 3121 1924 3191 sperent
1976 3115 2134 3184 fore,
2200 3124 2266 3177 111
2326 3118 2469 3195 ipsis
2536 3120 2752 3178 nostris

512 3220 721 3281 diebus
764 3237 950 3280 novus
995 3218 1231 3296 quidam
1275 3218 1554 3297 splendor
1598 3236 1865 3298 novaque
1910 3221 2238 3299 frequentia
2281 3222 2341 3282 in
2375 3241 2503 3283 eam
2534 3223 2750 3283 redun-

512 3325 637 3395 det,
686 3324 757 3385 ad
804 3325 1073 3385 effectum
1119 3322 1338 3384 scilicet
1380 3324 1483 3384 ubi
1529 3326 1703 3386 fuerit
1739 3326 2099 3403 perductum
2145 3327 2367 3407 grande
2410 3326 2553 3387 illud
2611 3347 2748 3388 con-

510 3429 734 3499 silium,
794 3445 911 3507 quo
966 3430 1080 3488 iam
1136 3428 1414 3489 isthmum
1459 3431 1615 3490 inter
1659 3430 1913 3492 Africam
1961 3441 2018 3493 et
2061 3434 2256 3493 Asiam
2312 3433 2568 3509 positum
2613 3451 2747 3511 per-

402 3535 407 3540 ’
508 3536 711 3596 fodere
753 3541 1006 3603 tentant;
1053 3534 1164 3594 1133
1208 3552 1274 3594 13
1318 3536 1587 3613 expedita
1630 3538 1757 3598 fieri
1792 3556 1931 3598 sane
1961 3539 2204 3616 poterit,
2251 3545 2317 3598 ut
2346 3537 2419 3597 ad
2451 3539 2748 3617 antiquam

508 3641 710 3701 sedem
754 3640 1033 3701 Venetam
1092 3639 1284 3699 denuo
1339 3639 1650 3720 aliquando
1697 3644 2116 3704 commercium
2172 3643 2376 3704 redeat
2420 3644 2550 3724 (nisi
2596 3645 2750 3704 forte'

508 3746 840 3823 opulentior
886 3745 959 3805 ad
1003 3763 1066 3805 se
1110 3764 1311 3807 rerum
1356 3766 1649 3809 summam
1677 3755 1937 3809 tractura
1983 3756 2071 3809 est
2113 3749 2414 3829 Tergeste)
2448 3756 2505 3809 31
2536 3749 2746 3810 exinde
2829 3805 2834 3811 .

506 3852 617 3910 iter
664 3848 879 3909 iamdiu
926 3849 1224 3912 desertum
1255 3851 1708 3931 redintegretur.
1743 3854 1858 3915 Sed
1891 3855 2036 3915 haec
2068 3855 2304 3933 quidem
2336 3856 2528 3917 adhuc
2562 3853 2748 3917 θεῶν

450 3933 455 3944 ’
507 3950 583 4016 ἐν
610 3947 899 4035 γούνασι
944 3964 1171 4017 κεῖται.

663 4060 783 4120 13111
827 4079 985 4131 ver0,
1032 4069 1096 4122 ut
1140 4062 1213 4122 ad
1241 4063 1539 4142 inceptum
1570 4065 1906 4136 redeamus,
1948 4073 2281 4128 mercatura
2310 4068 2464 4129 inter
2494 4068 2745 4130 Venetos

502 4173 561 4225 et
604 4166 1000 4244 Augustenses
1042 4168 1276 4229 saeculo
1320 4169 1451 4230 XIII
1495 4169 1653 4230 haud
1699 4170 1874 4233 dubie
1917 4173 2033 4233 iam
2075 4173 2347 4234 inchoata
2385 4192 2745 4253 magnopere

502 4277 672 4332 aucta
717 4279 805 4332 est
848 4273 1246 4349 sequentibus,
1337 4273 1762 4336 Celeberrimas
1804 4275 1933 4337 illas
1975 4285 2373 4340 mercatorum
2411 4280 2742 4358 Augusten·
