3049 5048
1504 267 1586 339 50

408 482 548 527 vero
595 458 836 521 accedit.
928 450 1089 511 Mera
1119 452 1407 512 mercium
1428 499 1442 520 ‚
1491 451 1707 531 quibus
1736 460 2071 513 mercatura
2101 453 2253 512 inter
2285 451 2666 513 Germaniam

413 575 472 631 et
514 563 785 626 Venetias
831 558 1268 628 continebatur,
1327 560 1693 619 enumeratio
1736 576 1950 637 parum
1990 575 2099 618 nos
2152 558 2379 619 iuvaret
2424 559 2496 619 ad
2528 578 2665 638 cog-

413 669 775 732 noscendam
818 666 1085 726 intimam
1129 666 1216 725 rei
1260 672 1565 732 naturam3
1614 683 1683 725 ea
1724 664 1805 724 ita
1851 665 2090 725 demum
2119 664 2293 742 plane
2332 672 2535 742 posset
2561 683 2665 744 pe-

413 776 664 842 netrari,
711 775 760 833 si
790 773 915 832 fieri
947 776 1172 849 posset,
1219 778 1285 831 ut
1330 777 1667 830 accuratam
1697 756 2170 847 proponeremus
2212 770 2500 841 tabulam,
2550 790 2666 850 qua

414 889 475 943 et
517 882 806 941 mercium
850 878 1149 954 utrimque
1193 873 1564 936 venditarum
1611 870 1669 934 et
1714 880 2046 953 emptarum
2077 877 2306 953 species
2337 885 2396 938 et
2438 879 2684 955 copiae„

416 987 878 1064 etpretiorum,
928 981 1141 1060 quibus
1183 982 1346 1041 vario
1377 989 1661 1069 'tempore
1705 978 2011 1050 venibant,
2071 981 2271 1043 notitia
2332 986 2664 1044 continere-

414 1099 531 1153 tur.
621 1090 890 1150 Instituta
946 1093 1073 1147 tum
1134 1088 1572 1165 comparatione
1628 1088 1783 1146 inter
1842 1087 2153 1164 emptionis
2213 1096 2272 1149 et
2313 1070 2705 1150 venditionis

418 1199 607 1278 pretia
653 1195 966 1256 clariorem
1009 1193 1126 1252 iam
1171 1209 1626 1270 assequeremur
1670 1192 1969 1252 notionem
1999 1198 2125 1253 tum
2172 1193 2246 1257 de
2276 1193 2443 1256 lucro
2488 1195 2662 1263 facto,

415 1313 545 1367 tum
602 1302 677 1362 de
735 1299 1120 1378 pecuniarum
1177 1298 1421 1357 summis
1475 1299 1537 1358 in
1595 1298 1708 1358 hac
1750 1304 2085 1359 mercatura
2128 1302 2455 1362 transactis,
2547 1301 2666 1362 Sed

416 1411 492 1473 ad
537 1410 690 1470 hanc
709 1455 724 1477 ,
770 1411 836 1466 ut
864 1405 942 1465 ita
987 1404 1209 1472 dicam,
1259 1403 1798 1480 compensationem
1842 1405 2260 1466 instituendam
2292 1405 2665 1476 documenta,

419 1535 569 1596 quae
614 1515 732 1575 huc
776 1529 964 1589 usque
1005 1510 1307 1589 prodiere,
1353 1509 1697 1586 neutiquam
1727 1510 2043 1571 sufficiunt.
2132 1509 2221 1569 Ex
2250 1512 2393 1589 ipsis
2438 1530 2665 1573 merca-

418 1629 620 1682 torum
664 1617 830 1678 libris
875 1622 933 1677 et
977 1615 1322 1677 adversariis
1339 1662 1354 1686 ,
1404 1633 1477 1675 ex
1520 1615 1968 1692 magistratuum
2014 1616 2158 1677 actis
2201 1616 2321 1677 huc
2364 1619 2666 1695 pertinen-

417 1728 577 1788 tibus
620 1723 959 1785 huiusmodi
1017 1722 1258 1781 notitiae
1312 1725 1486 1782 erunt
1544 1719 1923 1798 colligendae.
2030 1722 2104 1782 Et
2158 1723 2400 1784 minime
2454 1723 2669 1810 desunt

421 1830 757 1894 huiusmodi
789 1829 1174 1896 documenta,
1223 1827 1328 1887 sed
1373 1828 1726 1905 paucissima
1771 1827 1965 1889 adhuc
1993 1827 2111 1890 luci
2156 1829 2290 1889 data
2320 1835 2489 1898 sunt;
2538 1848 2668 1890 esse

420 1954 540 1997 non
583 1941 806 2014 potest,
855 1936 997 2015 quin
1039 1935 1101 1994 in
1145 1933 1448 1994 tabulariis
1492 1931 1729 1992 Venetis
1770 1931 2022 2009 plurima
2076 1934 2270 1994 adhnc
2313 1933 2530 1994 lateant
2572 1951 2665 1994 ra-

419 2046 648 2105 tionum
696 2038 1196 2102 commercialium
1254 2038 1489 2099 codices
1548 2055 1620 2098 ex
1681 2039 1956 2115 antiquae
2010 2038 2328 2103 nobilitatis
2372 2046 2663 2101 mercato-

431 2152 554 2210 riae
597 2147 923 2209 hereditate
967 2146 1106 2208 illuc
1150 2144 1355 2212 delat13
1404 2141 1499 2203 alii
1544 2140 1685 2202 alias
1731 2144 2232 2225 conservantur1).
2439 2142 2453 2156 “

592 2254 781 2315 Porro
837 2260 1035 2314 autem
1093 2271 1192 2313 res
1252 2257 1341 2312 est
1399 2251 1473 2311 ad
1534 2257 1905 2311 mercaturae
1963 2253 2357 2330 cognitionem
2414 2255 2667 2314 maxime

422 2361 751 2423 necessaria
796 2357 1278 2436 vectigalium
1324 2359 1491 2418 ratio.
1585 2357 1738 2419 Satis
1782 2363 2037 2426 constat,
2084 2357 2385 2436 vectigalia
2416 2359 2665 2436 antiqui-

419 2476 518 2530 tus
563 2469 715 2530 inter
738 2467 888 2528 -iura
934 2481 1143 2543 regum
1186 2465 1428 2543 propria
1475 2463 1685 2532 fuisse;
1731 2480 1872 2522 mox
1917 2460 1989 2522 ab
2035 2463 2118 2522 eis
2163 2463 2321 2524 dono
2368 2470 2427 2524 et
2454 2466 2662 2526 remis-

423 2577 586 2652 sione
632 2574 704 2633 ad
751 2570 1013 2649 singulos
1057 2577 1353 2631 terrarum
1395 2570 1695 2648 principes
1740 2569 1930 2630 delata
1974 2577 2144 2640 sunt,
2206 2571 2305 2649 qui
2358 2578 2562 2648 postea
2608 2576 2668 2629 et

422 2680 534 2756 ipsi
579 2682 670 2738 ius
714 2694 862 2736 nova
908 2676 1208 2755 vectigalia
1264 2673 1604 2755 imponendi
1663 2674 1773 2735 sibi
1827 2675 2199 2753 arrogabant.
2300 2676 2386 2737 Ita
2443 2677 2661 2737 factum

425 2792 542 2854 est,
589 2792 655 2844 ut
699 2782 772 2843 ad
818 2783 1127 2843 arbitrium
1171 2783 1317 2843 haec
1349 2799 1586 2861 quoque
1629 2789 2012 2859 regerentur;
2062 2801 2179 2861 quo
2212 2786 2460 2862 quisque
2505 2783 2665 2861 prin-

425 2910 564 2969 ceps
607 2892 992 2970 pecuniarum
1039 2895 1165 2949 erat
1209 2890 1508 2967 egentior,
1572 2892 1731 2946 tanto
1788 2906 1822 2947 a
1866 2888 2295 2951 mercatoribus
2340 2893 2564 2952 maiora
2610 2900 2668 2951 et

423 2998 826 3076 frequentiora
870 2995 1089 3055 tributa
1135 2994 1433 3074 exigebat;
1472 2995 1631 3054 ‘satis
1674 3010 1811 3054 raro
1858 3000 2054 3054 autem
2101 2998 2316 3067 evenit,
2383 3005 2450 3058 ut
2493 3017 2526 3057 a
2565 3016 2667 3057 su-

424 3124 631 3186 prema
674 3105 837 3183 regia
880 3109 1170 3181 potestate
1216 3105 1274 3162 in
1319 3103 1436 3163 hoc
1479 3102 1674 3165 studio
1719 3087 2177 3180 impedirentur,
2239 3104 2511 3181 quoniam
2556 3104 2668 3180 ipsi

423 3226 595 3287 reges
639 3208 730 3270 vel
775 3211 1163 3288 imperatores
1209 3209 1469 3286 exceptis
1512 3211 1718 3285 paucis
1760 3212 1823 3270 in
1867 3211 2043 3271 terris
2073 3210 2329 3288 propriis
2372 3210 2529 3270 haud
2576 3228 2667 3269 se-

425 3333 530 3376 cus
574 3334 750 3404 agere
796 3316 1080 3378 solebant.
1171 3317 1292 3377 Iam
1337 3334 1476 3377 vero
1506 3334 1617 3393 per
1661 3334 1724 3377 se
1757 3324 2017 3387 constat,
2065 3317 2213 3378 haec
2242 3317 2496 3378 maxime
2526 3333 2664 3376 con-

423 3420 732 3481 sideranda
778 3440 949 3491 esse,
986 3424 1036 3486 si
1081 3424 1211 3500 quis
1242 3422 1314 3482 de
1344 3423 1635 3482 mercium
1664 3425 1880 3501 preciis
1922 3422 2058 3484 velit
2103 3423 2434 3501 inquirere3
2482 3437 2665 3500 quum

423 3526 605 3587 altera
648 3526 745 3587 illa
777 3527 1247 3589 consideratione
1277 3546 1414 3591 vera
1443 3547 1648 3591 rerum
1678 3532 1866 3608 pretia
1895 3530 2295 3598 inveniantur,
2344 3529 2668 3590 eorundem

559 3815 609 3877 1)
658 3816 849 3866 Mone
893 3830 990 3864 zur
1035 3814 1236 3866 Gesch.
1284 3815 1380 3867 des
1428 3817 1780 3883 pfalzischen
1822 3816 2159 3867 Zollwesens
2205 3820 2312 3866 etc.
2372 3799 2663 3888 (Zeitschr.

421 3904 460 3954 f.
503 3903 704 3955 Gesch.
745 3905 794 3955 d.
835 3905 1173 3957 Oberrheins
1206 3906 1330 3958 Vol.
1368 3906 1411 3956 Ι.
1440 3922 1492 3972 p.
1535 3904 1647 3955 171.
1686 3906 1790 3971 sq).
1839 3906 1974 3956 Man
2006 3905 2108 3955 hat
2144 3906 2528 3972 angefangen‚
2571 3906 2672 3955 auf

422 3991 536 4043 alte
570 3993 1117 4060 Handlungsbiicher
1152 3994 1530 4047 aufmerksam
1565 4009 1633 4044 zu
1679 3995 1817 4044 sein.
1896 3991 1969 4059 [S.
2022 3993 2155 4045 Otto
2191 3994 2442 4045 Rulands
2476 3994 2666 4044 Hand-

418 4080 730 4150 lungsbuch
766 4085 825 4134 in
860 4085 910 4135 d.
945 4084 1273 4136 Bibliothek
1310 4086 1408 4136 des
1443 4085 1657 4135 literar.
1694 4083 1949 4134 Vereins,
1989 4084 2281 4151 stuttgard
2309 4082 2478 4149 1853}
2538 4082 2666 4133 Viel

418 4174 746 4240 wichtigere
781 4173 1325 4240 Handlungsbiicher
1360 4173 1750 4223 italienischer
1776 4172 2180 4225 Grossh‘aindler
2205 4174 2303 4224 des
2328 4171 2472 4221 XIV.
2501 4172 2538 4223 J
2542 4171 2666 4221 ahr-

417 4262 682 4313 hunderts
717 4261 906 4330 liegen
941 4266 1016 4314 im
1051 4263 1411 4314 Stadtarchiv
1445 4251 1514 4311 z'u
1550 4261 1713 4313 Gent.
2449 4255 2458 4262 ’
