3049 5048
1581 328 1618 385 4

468 514 572 574 nit.
692 513 1040 575 Notissimae
1099 520 1237 572 sunt
1294 511 1425 573 illae
1481 512 1810 590 legatorum
1872 510 2231 572 Venetorum
2285 508 2600 569 relationes
2658 515 2715 568 et

474 619 753 697 epistolae
803 621 875 681 ad
923 619 1205 680 Senatum
1250 619 1531 697 scriptae,
1581 618 1795 697 quibus
1839 618 1954 677 iam
2002 636 2135 678 cum
2178 622 2340 676 tanto
2387 616 2585 677 fructu
2628 615 2716 675 hi-

479 726 795 785 storiarum
840 727 1159 803 scriptores
1203 727 1294 786 usi
1324 731 1488 794 sunt;
1537 725 1639 784 sed
1688 743 1790 786 eae
1835 723 1907 783 ad
1951 722 2078 781 XVI
2125 730 2182 782 et
2223 721 2376 781 XVII
2420 719 2720 781 saeculum

481 832 607 892 fere
651 850 856 892 omnes
899 833 1212 910 pertinent.
1303 831 1414 901 Qui
1458 830 1777 889 remotiora
1835 836 2102 920 tempora
2158 835 2410 906 spectet,
2471 828 2719 888 Senatus

480 940 828 1015 praesertim
860 945 917 998 et
945 937 1311 1016 reliquorum
1338 936 1784 1015 magistratuum
1809 936 2261 994 commentarios
2286 934 2455 994 adeat
2480 950 2722 993 necesse

460 1022 600 1111 est,
649 1044 747 1120 qui
794 1045 1026 1104 circiter
1055 1043 1192 1103 inde
1237 1042 1309 1102 ab
1358 1041 1594 1103 saeculo
1624 1040 1751 1100 XIV
1782 1040 1975 1100 medio
2007 1042 2158 1101 serie
2204 1042 2479 1101 continua
2511 1059 2718 1118 supar-

486 1148 648 1208 stites
679 1156 842 1218 sunt;
890 1150 1028 1210 hinc
1061 1156 1223 1210 retro
1255 1154 1443 1209 cessat
1473 1166 1613 1208 sane
1644 1154 1911 1207 actorum
1942 1147 2344 1216 cohaerentia,
2391 1144 2492 1205 sed
2539 1144 2722 1205 multa

474 1258 595 1311 tam
613 1272 686 1313 en
715 1256 1095 1331 reperiuntur
1128 1262 1185 1315 et
1229 1253 1456 1334 singula
1491 1253 1845 1313 documenta
1892 1260 1949 1313 et
1979 1253 2536 1313 commentariorum
2568 1253 2720 1330 frag-

475 1366 671 1439 menta
718 1367 776 1420 et
821 1368 1127 1440 excerpta,
1174 1380 1327 1441 quae
1371 1362 1497 1423 fere
1545 1361 1671 1421 duo
1719 1359 1894 1420 etiam
1942 1357 2173 1418 saecula
2218 1357 2521 1419 recedunt.

648 1466 809 1527 Haec
852 1469 1028 1545 igitur
1060 1469 1422 1529 documenta
1468 1484 1649 1544 quum
1681 1463 2105 1545 perlustrarem
2146 1470 2203 1524 et
2246 1481 2448 1524 rerum
2479 1456 2723 1523 Germa-

483 1574 752 1634 nicarum
808 1575 1030 1652 ubique
1073 1574 1311 1651 vestigia
1357 1579 1687 1641 scrutarer,
1750 1571 2017 1650 politicae
2064 1569 2330 1648 quidem,
2391 1589 2540 1649 quae
2585 1588 2722 1648 pro-

483 1681 613 1757 prie
658 1680 901 1750 dicitur,
947 1679 1255 1748 historiae,
1315 1696 1431 1756 quo
1477 1678 1709 1758 longius
1750 1673 2132 1743 recedebam,
2189 1682 2350 1736 tanto
2397 1678 2621 1736 rariora
2664 1677 2726 1735 in

483 1783 596 1845 illis
651 1785 816 1846 libris
872 1785 1158 1847 contineri
1202 1791 1545 1862 argumenta
1600 1782 2158 1850 animadvertebam,
2221 1781 2307 1862 [id
2365 1782 2521 1860 quod
2586 1800 2724 1856 casu

487 1891 735 1951 fortasse
780 1891 971 1952 evenit
1011 1891 1258 1968 perditis
1313 1890 1537 1951 scilicet
1589 1888 1874 1967 temporis
1944 1889 2247 1967 iniquitate
2302 1868 2727 1967 antiquioribus

486 1993 599 2054 illis
644 1994 836 2066 libris,
895 1998 953 2056 in
1011 1998 1224 2076 quibus
1268 1999 1584 2076 praecipue
1642 2002 1840 2057 extera
1898 1994 2131 2072 negotia
2174 1991 2722 2074 perscribebantur]

482 2092 587 2160 sed
646 2120 830 2162 unum
888 2108 1087 2163 tamen
1146 2101 1485 2163 notitiarum
1531 2120 1720 2179 genus
1765 2099 1984 2177 ubique
2029 2099 2153 2159 fere
2197 2100 2258 2158 in
2302 2101 2445 2161 actis
2489 2099 2724 2161 Venetis

489 2187 738 2283 sparsim
782 2208 1104 2276 invenitur,
1167 2224 1381 2284 nempe
1426 2207 1583 2285 quod
1627 2211 2021 2267 mercaturam
2066 2213 2319 2283 spectat,
2369 2225 2544 2285 quam
2591 2226 2727 2268 cum

489 2312 800 2373 Germania
845 2312 1162 2390 antiquitus
1206 2312 1408 2373 Veneti
1452 2311 1765 2372 habebant.
2241 2314 2244 2317 ’

659 2416 846 2488 Quam
904 2436 1030 2478 rem
1086 2418 1243 2478 haud
1296 2418 1598 2496 indignam
1653 2424 1845 2488 ratuS,
1902 2418 1976 2479 de
2022 2436 2135 2496 qua
2189 2416 2343 2478 ultra
2387 2416 2595 2498 aliquis
2639 2390 2725 2479 in-

488 2524 779 2602 quireret,
827 2543 1008 2602 quum
1039 2526 1153 2583 iam
1184 2524 1243 2584 in
1274 2526 1689 2605 antiquissimis
1719 2544 1868 2604 quae
1905 2524 2049 2585 mihi
2089 2522 2367 2602 patebant
2407 2523 2726 2586 documen-

384 2667 393 2668 ἡ
487 2630 562 2688 tis
607 2631 733 2690 eius
776 2631 1015 2709 vestigia
1059 2633 1442 2709 reperissem,
1499 2631 1590 2691 his
1634 2632 1851 2691 instare
1896 2639 1953 2691 et
1996 2649 2103 2709 per
2144 2631 2447 2709 sequentia
2492 2649 2727 2710 quoque

487 2741 786 2813 tempora,
848 2754 997 2814 quae
1045 2738 1281 2815 cognitu
1324 2738 1665 2798 viderentur
1711 2737 2007 2815 digniora,
2070 2734 2346 2815 colligere
2388 2738 2641 2799 decrevi.

659 2841 785 2900 Hoc
832 2841 1138 2902 consilium
1182 2844 1260 2902 ita
1291 2849 1668 2920 persecutuS‚
1716 2848 1782 2901 ut
1827 2860 1932 2919 per
1961 2842 2246 2919 temporis
2276 2843 2419 2903 mihi
2466 2844 2727 2904 concessi

486 2943 830 3006 brevitatem
874 2945 1116 3018 licebat,
1174 2950 1330 3009 varia
1383 2950 1576 3009 inveni
1631 2949 2013 3017 documenta,
2074 2966 2223 3026 quae
2267 2949 2481 3009 inedita
2537 2950 2728 3011 adhuc

489 3050 560 3109 ad
609 3053 1078 3128 cognoscendam
1123 3061 1490 3116 mercaturae
1521 3031 2179 3115 Germanico-Venetae
2238 3062 2505 3115 naturam
2553 3063 2610 3116 et
2638 3057 2727 3116 hi-

488 3156 729 3217 storiam
774 3157 988 3237 aliquid
1034 3161 1227 3221 facere
1272 3178 1444 3238 posse
1475 3161 1618 3220 mihi
1659 3160 2023 3221 videbantur.
2114 3156 2241 3228 Qua
2282 3160 2344 3219 in
2388 3180 2454 3222 re
2495 3169 2728 3239 praeter

489 3259 738 3321 Senatus
784 3266 1237 3324 commentarios
1290 3283 1468 3343 supra
1523 3273 1880 3326 memoratos
1936 3265 2054 3325 duo
2103 3267 2449 3344 praesertim
2496 3268 2728 3345 codices

486 3366 630 3425 mihi
685 3369 1023 3429 nominandi
1080 3376 1215 3430 sunt
1267 3368 1462 3448 paullo
1521 3377 1655 3431 ante
1711 3371 1951 3431 demum
2005 3372 2256 3448 reperti,
2316 3371 2529 3449 quibus
2584 3372 2727 3432 mihi

482 3472 676 3548 primo
739 3473 809 3533 ad
869 3493 967 3536 res
1014 3475 1363 3536 Germaniae
1418 3476 1776 3554 indagandas
1833 3479 1917 3538 uti
1963 3478 2221 3556 contigit.
2310 3478 2536 3538 Horum
2581 3478 2728 3539 alter

489 3578 851 3639 nominatur:
942 3581 1165 3642 Liber
1208 3581 1675 3660 Plegiorum,
1737 3583 1855 3644 sive
1900 3583 2121 3644 Liber
2167 3583 2621 3655 CommuniS,
2667 3586 2727 3644 in

490 3700 606 3760 quo
652 3686 892 3762 proprie
937 3687 1169 3764 negotia
1214 3686 1286 3746 ad
1330 3687 1622 3747 internam
1668 3689 1909 3748 civitatis
1965 3697 2023 3750 et
2064 3689 2230 3750 urbis
2275 3689 2726 3750 administratio-

485 3805 622 3847 nem
684 3791 1033 3866 pertinentia
1091 3791 1644 3868 perscribebantur;
1721 3792 1891 3870 plura
1955 3797 2080 3857 sine
2157 3796 2336 3857 dubio
2392 3796 2727 3857 huiusmodi

487 3898 657 3952 erant
698 3894 1025 3968 volumina,
1074 3916 1326 3976 quorum
1374 3918 1445 3959 ex
1488 3900 1802 3976 antiquiori
1832 3908 2100 3979 tempore
2145 3903 2259 3964 hoc
2290 3920 2473 3964 unum
2519 3921 2725 3981 super-

487 4005 607 4057 stes
651 3999 724 4059 ab
771 4020 822 4061 a.
874 4002 1038 4080 1220
1084 4023 1271 4083 usque
1316 4006 1441 4066 fere
1487 4005 1559 4066 ad
1606 4024 1655 4064 a.
1708 4006 1868 4066 1250
1917 4006 2118 4087 [plane
2150 4009 2304 4069 enim
2351 4008 2578 4068 definiri
2623 4027 2725 4069 ne-

485 4103 637 4185 quit]
684 4113 861 4184 patet.
953 4109 1146 4179 Quum
1191 4117 1386 4171 autem
1416 4111 1515 4172 illo
1561 4118 1829 4191 tempore
1874 4115 2135 4176 nondum
2168 4117 2306 4175 satis
2337 4114 2587 4176 stabilita
2634 4127 2723 4176 es-

485 4219 576 4271 set
620 4215 1014 4286 consuetudo,
1063 4234 1175 4293 qua
1221 4223 1423 4293 postea
1468 4220 1783 4296 separatim
1829 4219 1986 4279 varia
2015 4222 2248 4298 negotia
2292 4222 2353 4282 in
2397 4230 2525 4283 acta
2570 4223 2722 4283 refe-

481 4317 797 4390 rebantur,
844 4321 1000 4381 haud
1044 4339 1182 4381 raro
1228 4324 1401 4384 etiam
1445 4341 1545 4384 res
1600 4325 1674 4386 ad
1716 4326 2026 4405 proprium
2070 4326 2203 4388 libri
2251 4328 2558 4391 consilium
2601 4348 2722 4390 non
