3049 5048
1557 251 1636 309 44

1397 337 1801 346 ----

481 440 824 501 vicedomini
869 440 1262 507 nominentur,
1309 432 1562 498 'maxime
1605 435 1910 515 probabile
1956 443 2060 505 est,
2106 453 2294 512 usque
2339 432 2411 492 ad
2458 451 2506 491 a.
2557 429 2733 492 1268

462 547 601 607 'duo
646 545 803 605 solos
848 543 983 623 eligi
1029 544 1430 612 consuevisse,
1487 551 1629 605 tunc
1673 546 1931 622 primum
1974 550 2095 621 tres
2141 543 2358 604 electos
2403 557 2550 599 esse.

605 686 607 691 <
655 650 807 710 Sane
851 668 989 711 vero
1036 651 1107 711 ad
1154 651 1440 728 originem
1484 651 1571 710 rei
1615 669 1690 711 ne
1733 651 1849 711 hoc
1894 649 2129 727 quidem
2182 648 2534 708 documento
2582 664 2731 707 con-

483 757 805 826 ducimur‚·
829 757 932 817 sed
977 763 1136 817 certe
1177 757 1413 816 ineunte
1443 756 1561 816 iam
1590 755 1823 817 saeculo
1854 754 2002 816 XIII.
2034 755 2191 816 haud
2222 755 2514 815 modicam
2544 755 2734 815 fuisse

483 863 912 923 Germanorum
973 880 1108 922 cum
1166 861 1398 920 Venetis
1453 868 1847 922 mercaturam
1905 881 1977 922 ex
2033 862 2158 938 ipsa
2215 859 2308 921 illa
2362 861 2731 920 institutione

484 976 882 1030 mercatorum
941 966 1252 1028 commodo
1310 965 1598 1028 destinata
1655 968 1973 1029 clarissime
2030 968 2421 1046 cognoscitur.
2522 965 2730 1044 Itaque

487 1094 645 1136 nunc
674 1077 788 1136 iam
820 1075 934 1136 dici
963 1092 1137 1153 posse
1168 1071 1446 1142 arbitror,
1479 1081 1876 1137 mercaturam
1906 1072 2569 1136 Germanico-Venetam
2604 1089 2727 1130 non

487 1182 679 1243 solum
725 1200 999 1244 coaevam
1043 1181 1221 1240 fuisse
1265 1179 1664 1249 hanseaticae,
1722 1182 1848 1242 sed·
1882 1182 2130 1242 fortasse
2191 1181 2363 1240 etiam
2420 1178 2503 1238 illi
2565 1183 2745 1241 ante-v

487 1290 724 1349 riorem.
813 1287 1227 1365 Antiquissima
1283 1287 1438 1346 enim
1492 1287 1888 1356 hanseaticae,
1956 1282 2107 1365 quae
2169 1287 2410 1364 proprie
2465 1293 2728 1354 vocatur,

487 1396 547 1454 in
594 1396 740 1455 mari
784 1394 996 1454 baltico
1043 1399 1099 1454 et
1142 1393 1583 1471 septentrionali
1615 1402 1982 1456 mercaturae
2011 1393 2251 1471 vestigia
2281 1392 2433 1452 ultra
2463 1392 2724 1453 medium

488 1501 615 1562 fere
659 1500 808 1560 XIII.
858 1500 1156 1561 saeculum
1200 1501 1293 1560 vix
1338 1499 1714 1581 recedunt¹);
1784 1501 1957 1562 huius
2009 1506 2276 1569 nostrae,
2344 1517 2493 1577 quae
2552 1498 2729 1558 etiam

488 1607 719 1684 longius
774 1607 1055 1676 redeunt,
1123 1606 1310 1683 ipsam
1367 1606 1654 1684 originem
1708 1607 1833 1668 fere
1889 1626 2075 1686 usque
2132 1607 2204 1667 ad
2256 1605 2379 1666 XII.
2427 1601 2730 1664 saeculum

490 1712 815 1781 deducunt;
862 1713 1211 1790 praesertim
1254 1711 1302 1771 si
1347 1713 1476 1790 quis
1518 1731 1679 1773 nunc
1722 1713 1932 1792 relegit
1975 1732 2124 1791 qnae
2170 1712 2552 1791 antiquissimi
2582 1711 2728 1771 scri-

426 1828 433 1837 ‘
492 1816 689 1895 ptoris'
705 1816 882 1879 verba
913 1836 1091 1896 supra
1122 1817 1419 1878 attulimus
1461 1819 1613 1898 (pag.
1652 1820 1727 1880 10
1759 1819 1890 1879 Not.
1909 1820 2004 1900 ‚1).
2080 1821 2221 1881 Inde
2252 1810 2444 1880 si'iam
2478 1826 2610 1880 ante
2641 1821 2728 1879 in-

491 1925 749 1984 stitutam
792 1924 951 1985 illam
996 1926 1237 1985 domum
1284 1932 1342 1985 et
1385 1931 1701 2004 antequam
1746 1928 1921 1987 certis
1951 1927 2179 2006 legibus
2210 1933 2267 1988 et
2298 1926 2732 2013 conditionibus

492 2032 1004 2110 circumscriptum
1049 2032 1184 2102 fuit,
1260 2033 1681 2092 commercium
1738 2039 2007 2093 nostrum
2065 2032 2193 2111 (pro
2249 2039 2583 2111 temporum
2641 2034 2729 2093 ni-

491 2139 707 2198 mirum
750 2138 946 2199 indole
992 2156 1060 2198 ac
1103 2138 1486 2218 necessitate),
1534 2139 1619 2198 uti
1660 2137 1966 2216 probabile
2012 2145 2127 2210 est,
2176 2138 2579 2207 exercebatur,
2626 2156 2729 2216 ap-

490 2251 660 2322 paret
703 2252 919 2322 quanta
963 2244 1333 2305 saeculorum
1379 2230 1572 2303 series
1608 2244 1660 2303 ei
1709 2244 2055 2304 vindicanda
2099 2245 2189 2305 sit.

663 2350 973 2438 Fonticum
1016 2350 1193 2427 igitur
1238 2348 1592 2427 amplissima
1634 2351 1742 2411 fuit
1770 2351 1981 2411 domus
2011 2352 2084 2412 ad
2117 2337 2375 2412 canalem
2408 2352 2731 2413 maximum

493 2475 678 2536 prope
723 2463 963 2535 pontem
1007 2455 1171 2517 illum
1216 2456 1352 2524 sita,
1400 2474 1577 2535 quem
1621 2456 2029 2528 „Rivoaltum“
2087 2457 2313 2539 (Rialto)
2373 2460 2612 2519 nomine
2657 2458 2731 2518 ab

493 2564 682 2625 insula
727 2566 907 2642 petito
955 2561 1158 2622 Veneti
1202 2561 1512 2641 appellant.
1604 2564 2099 2641 Frequentissima
2154 2564 2301 2625 haec
2356 2565 2521 2626 urbis
2564 2566 2729 2644 regio

494 2678 649 2740 erat;
696 2670 835 2731 illuc
879 2670 1045 2730 horis
1087 2670 1385 2730 matutinis
1431 2671 1923 2730 commerciorum
1965 2688 2169 2730 omnes
2200 2671 2443 2731 studiosi
2468 2671 2629 2732 velut
2658 2672 2734 2732 ad

491 2778 689 2838 focum
735 2775 1200 2845 concurrebant,
1260 2777 1318 2835 in
1363 2794 1479 2854 quo
1527 2792 1732 2836 omnes
1788 2778 1937 2837 radii
1993 2767 2379 2856 colliguntur;
2447 2780 2733 2839 immensa

494 2881 780 2950 mercium
826 2882 993 2959 copia
1039 2882 1134 2942 hic
1179 2879 1518 2943 coacervata
1538 2930 1552 2951 ‚
1611 2901 1786 2960 quam
1843 2881 2001 2943 velut
2043 2882 2392 2944 miraculum
2435 2885 2732 2962 peregrini

497 2986 1062 3065 contemplabantur.
1126 2987 1336 3059 „Quod
1368 2988 1573 3047 attinet
1602 2987 1676 3047 ad
1705 2990 1994 3049 mercium
2025 2981 2516 3059 multitudinem“,
2548 2991 2732 3050 viator

497 3094 733 3173 quidam
777 3094 956 3155 ltalus
1009 3098 1069 3156 in
1123 3093 1422 3156 itinerario
1468 3110 1575 3153 suo
1621 3094 1787 3164 dicit,
1848 3097 2153 3171 „profecto
2212 3085 2517 3157 universus
2572 3096 2734 3157 orbis

494 3202 611 3262 huc
652 3216 1029 3268 concurrere,
1077 3202 1358 3276 quantum
1390 3198 1462 3259 ad
1507 3200 1665 3276 ipsas
1708 3214 1939 3260 merces
1981 3205 2103 3260 tota
2132 3199 2370 3262 humani
2402 3204 2620 3281 ingenii
2650 3204 2733 3263 vis

494 3310 553 3367 in
601 3309 683 3368 eis
726 3304 1003 3385 parandis
1047 3306 1234 3384 posita
1279 3322 1406 3364 esse
1448 3295 1695 3365 videtur.
1770 3304 2269 3368 Theotonicorum
2300 3298 2582 3371 fonticum
2613 3311 2732 3371 suf-

496 3409 701 3477 ficeret
743 3416 815 3475 ad
860 3420 1041 3474 totam
1087 3410 1309 3472 Italiam
1354 3412 1651 3472 mercibus
1695 3411 2115 3473 instruendam.
2206 3414 2289 3475 Ea
2334 3403 2483 3493 quae
2518 3416 2578 3474 in
2609 3416 2733 3476 aliis

498 3521 825 3584 civitatibus
869 3519 1151 3598 sparsim,
1210 3517 1306 3576 hic
1351 3516 1690 3577 cumulatim
1733 3520 2021 3589 inve‘nies,
2081 3538 2230 3598 quae
2286 3521 2423 3582 alibi
2466 3521 2632 3583 libris
2678 3530 2736 3583 et

496 3630 719 3698 unciiS,
766 3628 862 3687 bic
908 3625 1203 3698 cantharis
1249 3630 1307 3684 et
1349 3607 1570 3682 modiis
1607 3623 2061 3705 venduntur2).“

638 3899 686 3962 1)
726 3898 1096 3960 Sartorius,
1122 3855 1487 3948 urkundlicbe
1502 3896 1703 3948 Gesch.
1719 3875 2037 3949 derHansa.
2053 3897 2391 3976 I.·pag.8.11.
2407 3916 2536 3965 pag.
2555 3899 2634 3951 16.
2654 3901 2733 3951 17.

635 3988 688 4051 2)
726 3987 863 4037 Sunt
905 3987 1078 4037 verba
1122 3988 1279 4040 Petri
1326 3988 1613 4038 cuiusdam
1658 3985 1921 4050 Casolae‚
1983 3989 2076 4054 qui
2128 4004 2323 4040 versus
2369 3989 2580 4039 saeculi
2615 3991 2732 4040 XV.

501 4079 689 4139 finem,
738 4078 911 4143 igitur
934 4076 1157 4125 labente
1182 4076 1294 4124 iam
1317 4075 1654 4127 Venetorum
1689 4077 1938 4139 fortuna,
1977 4076 2234 4127 Venetiis
2271 4078 2380 4128 fuit
2417 4083 2472 4127 et
2505 4079 2734 4129 itinera-

503 4170 642 4219 rium
677 4168 927 4233 scripsit,
970 4167 1126 4217 cuius
1160 4166 1478 4232 fragmenta
1512 4164 1779 4216 nonnulla
1813 4165 2007 4216 retulit
2050 4164 2272 4216 Cantu
2317 4166 2516 4217 Scorsa
2561 4168 2619 4217 di
2662 4184 2736 4218 un

503 4251 699 4310 Lomb.
734 4273 785 4323 p.
816 4255 929 4307 199.
