3049 5048
1480 278 1669 341 ·22

505 474 659 534 sine.
687 469 865 531 dubio
922 474 1145 538 mente,
1202 486 1278 529 ne
1327 468 1502 530 huius
1547 473 1917 528 mercaturae
1961 468 2429 544 opportunitates
2485 474 2543 529 et
2586 454 2751 547 quasi

508 583 735 638 secreta
779 575 873 635 alii
919 574 1313 652 explorarent.
1403 572 1795 650 Exceptiones
1838 574 1899 632 in
1944 573 2055 633 hac
2099 591 2167 633 re
2228 574 2411 635 factas
2459 593 2603 636 sane
2660 576 2748 635 in·

494 683 797 751 venimuS,
852 679 958 740 sed
1010 681 1102 740 his
1156 680 1298 758 ipsis
1351 678 1664 749 docemur,
1721 685 2006 758 quantum
2048 680 2109 739 in
2153 679 2251 740 illa
2293 679 2423 761 lege
2467 682 2750 744 servanda

504 787 809 866 posuerint
851 787 1149 846 momenti.
1225 783 1572 862 Exemplum
1622 784 1786 865 juvat
1839 785 2068 846 afferre.
2115 785 2282 845 Anno
2331 789 2486 849 1421
2524 808 2749 850 merca-

507 901 602 953 tor
646 893 890 971 quidam
935 890 1444 968 Norimbergensis
1486 890 1955 971 Hierosolymam
2000 894 2366 971 peregrinari
2420 896 2661 973 cupiens
2716 915 2748 956 a

511 1000 729 1060 Senatu
773 999 965 1075 petiit,
1010 1003 1078 1057 ut
1120 996 1248 1055 navi
1292 995 1510 1056 Veneta
1554 998 1616 1056 in
1661 997 1891 1077 Syriam
1933 999 2344 1076 proficiscente
2385 1001 2447 1059 in
2491 1000 2605 1061 hoc
2658 1002 2748 1061 iti-

508 1124 651 1165 nere
695 1106 779 1165 uti
824 1104 933 1164 sibi
978 1100 1418 1162 concederetur.
1494 1099 1570 1161 Et
1605 1101 1734 1178 ipso
1781 1102 2134 1163 documento
2166 1103 2239 1165 de
2270 1105 2380 1165 hac
2410 1124 2477 1166 re
2508 1108 2747 1184 scripto,

510 1194 726 1289 quanta
770 1209 1113 1274 dubiorum,
1174 1212 1388 1284 quanta
1446 1206 1846 1269 conditionum
1904 1211 2071 1287 copia
2125 1211 2553 1282 intercesserit,
2613 1230 2748 1292 cog-

515 1335 763 1377 noscere
806 1313 959 1375 licet.
995 1310 1038 1392 ¹)

596 1424 741 1483 Cum
786 1420 1009 1499 probus
1056 1419 1140 1478 vir
1184 1416 1489 1479 Zuffredus
1535 1418 1608 1479 de
1650 1419 2032 1500 norimbergo
2077 1428 2373 1482 mercator
2416 1423 2622 1484 solitus
2652 1424 2749 1484 hic

596 1528 927 1590 conversari
984 1527 1098 1585 iam
1159 1524 1392 1602 triginta
1437 1525 1604 1584 annis
1649 1531 1707 1585 et
1748 1524 1932 1596 ultra,
1997 1528 2097 1604 qui
2155 1533 2243 1586 est
2294 1528 2473 1589 homo
2534 1532 2752 1608 optime

595 1634 884 1713 qualitatis
930 1640 987 1694 et
1030 1634 1183 1692 fame
1214 1637 1271 1692 et
1302 1648 1408 1707 per
1438 1628 1638 1690 literas
1670 1630 2152 1691 commendabilis
2182 1634 2289 1693 viri
2319 1634 2612 1695 Giulielmi
2651 1653 2749 1697 ru·

592 1742 735 1811 mel,
762 1738 806 1820 2)
855 1739 954 1817 qui
998 1738 1057 1796 in
1089 1736 1330 1814 agendis
1373 1736 1562 1794 nostri
1607 1714 1848 1794 dominii
1874 1735 2195 1813 plurimum
2239 1756 2304 1799 se
2349 1742 2639 1810 exercuit,
2686 1747 2753 1801 ut

594 1854 681 1908 est
734 1847 1137 1914 manifestum,
1207 1840 1650 1920 supplicaverit,
1717 1848 1782 1900 ut
1838 1842 2150 1920 dignemur
2204 1845 2533 1923 providere,
2592 1846 2752 1925 quod

597 1972 732 2015 cum
787 1951 966 2031 galeis
1021 1950 1236 2009 nostris
1288 1967 1320 2007 a
1376 1953 1638 2007 mercato
1699 1948 1882 2024 possit
1926 1967 2061 2008 cum
2105 1949 2338 2011 duobus
2384 1950 2615 2012 famulis
2660 1952 2749 2013 ire

594 2059 664 2119 ad
698 2064 964 2119 sanctum
994 2054 1356 2135 sepulcrum,
1404 2060 1468 2114 ut
1497 2060 1695 2131 presto
1741 2056 1925 2131 possit
1965 2058 2376 2134 repatriare—
2396 2055 2565 2116 Vadit
2592 2076 2750 2134 parS,

592 2164 748 2244 quod
794 2162 947 2223 dicta
991 2180 1130 2240 pars
1172 2158 1523 2239 prohibens,
1572 2159 1729 2237 quod
1776 2179 1911 2221 cum
1956 2161 2134 2239 galeis
2178 2165 2395 2223 nostris
2426 2182 2458 2223 a
2488 2173 2751 2226 mercato

592 2291 709 2332 non
764 2271 991 2347 possint
1033 2268 1121 2326 ire
1164 2265 1488 2343 peregrini,
1535 2266 1596 2324 in
1639 2272 1867 2325 tantum
1911 2268 2334 2346 suspendatur,
2392 2270 2551 2347 quod
2610 2290 2749 2331 con-

596 2378 837 2439 cedatur
881 2375 1071 2436 eidem
1117 2373 1417 2441 Zuffredo,
1464 2372 1623 2449 quod
1668 2374 1852 2451 possit
1894 2372 2074 2434 levari
2117 2393 2297 2453 super
2328 2375 2507 2454 galeis
2535 2380 2752 2440 nostris

592 2484 794 2546 Baruti
851 2489 908 2543 et
963 2480 1210 2543 conduci
1265 2479 1336 2540 ad
1393 2477 1617 2541 Zaffum
1675 2479 1729 2559 (i.
1788 2500 1838 2542 e.
1896 2481 2138 2564 Joppe),
2196 2490 2262 2544 ut
2304 2484 2392 2545 ire
2436 2485 2620 2547 valeat
2676 2486 2749 2547 ad

592 2598 858 2651 sanctum
903 2586 1242 2665 sepulcrum
1278 2620 1348 2631 —
1390 2619 1461 2629 —-
1503 2621 1575 2630 —
1610 2593 1808 2649 tamen
1861 2596 2204 2650 remanente
2261 2591 2414 2653 dicta
2469 2600 2636 2671 parte
2688 2594 2751 2653 in

597 2696 870 2757 omnibus
914 2694 1039 2754 aliis
1081 2694 1142 2752 in
1186 2709 1293 2752 sua
1336 2691 1630 2752 firmitate.

874 2800 957 2861 De
1003 2805 1169 2877 parte
1213 2797 1295 2858 96
1352 2832 1417 2840 —
1466 2797 1553 2858 De
1595 2817 1717 2859 non
1764 2800 1800 2860 5
1853 2834 1924 2886 ε-
1973 2800 2105 2863 Non
2149 2803 2292 2864 sinc.
2345 2807 2398 2865 1.

508 2912 784 2971 Venimus
840 2909 954 2967 iam
1010 2904 1081 2965 ad
1138 2903 1309 2963 aliam
1367 2903 1683 2976 civitatem,
1759 2907 1830 2967 ad
1905 2907 2480 2988 Norimbergam.
2571 2910 2749 2972 Multa

507 3015 800 3083 videlicet,
848 3030 998 3091 quae
1043 3010 1116 3070 de
1161 3010 1272 3070 hac
1316 3009 1389 3069 ad
1435 3018 1834 3074 mercaturam
1877 3013 2158 3076 Venetam
2203 3018 2523 3096 spectantia
2555 3025 2751 3079 essent

510 3118 784 3187 dicenda,
832 3118 916 3177 eis
961 3118 1362 3186 continentur,
1410 3135 1562 3194 quae
1606 3125 1774 3178 antea
1819 3118 1893 3179 de
1938 3118 2197 3197 Augusta
2242 3121 2596 3184 disserentes
2634 3125 2750 3185 iam

511 3224 1118 3289 commemoravimus,
1196 3220 1358 3291 Quae
1401 3241 1521 3282 non
1568 3230 1683 3292 est,
1730 3224 1888 3302 quod
1932 3233 2286 3303 repetamus
2342 3228 2587 3298 Quando
2628 3231 2747 3308 pri·

508 3352 672 3395 mum
717 3350 852 3391 cum
897 3328 1130 3388 Venetis
1176 3313 1552 3389 commercia‘
1575 3330 2102 3409 Norimbergenses
2131 3334 2393 3404 inierint,
2440 3336 2596 3397 haud
2627 3356 2748 3397 ma-

509 3439 595 3515 gis
649 3441 837 3513 patet,
896 3452 1073 3512 quam
1127 3433 1198 3493 de
1253 3432 1511 3511 reliquis.
1602 3434 1775 3513 Atqui
1833 3445 2037 3499 contra
2103 3458 2167 3500 se
2248 3442 2442 3518 ipsum
2515 3441 2751 3503 disserit

508 3541 780 3619 RothiuS,
827 3539 929 3600 ubi
974 3539 1097 3599 eius
1127 3538 1212 3598 rei
1242 3540 1481 3617 vestigia
1522 3521 1657 3601 ante
1686 3540 1987 3603 saeculum
2026 3543 2153 3603 XIV
2191 3546 2441 3623 reperiri
2472 3553 2675 3624 negat;
2702 3545 2746 3622 3)

509 3648 634 3724 ipse
690 3646 845 3706 enim
900 3643 1096 3722 paullo
1159 3650 1295 3721 post
1359 3653 1751 3707 mercatorem
1820 3648 2112 3725 quendam
2139 3650 2745 3730 1Norimhergensem‚

509 3751 923 3811 Conradum
979 3751 1247 3821 Ebner,
1306 3752 1406 3830 qui
1464 3771 1601 3812 cum
1658 3752 1891 3813 Venetis
1934 3756 2167 3834 negotia
2210 3758 2512 3830 habuerit,
2558 3765 2748 3818 tantas

649 4024 697 4088 1)
723 4025 1175 4077 Deliberationes
1203 4025 1458 4077 Senatus.
1485 4029 1682 4077 Mixta.
1714 4028 1783 4077 ad
1808 4028 1857 4077 d.
1873 4028 1921 4079 5.
1949 4030 2163 4096 August
2192 4031 2340 4081 1421.

641 4116 694 4179 2)
721 4117 776 4166 Is
815 4132 865 4165 a.
906 4114 1036 4164 1418
1071 4131 1183 4164 una
1210 4131 1331 4164 cum
1356 4116 1647 4166 Friderico
1671 4117 2072 4184 Norimbergae
2099 4121 2289 4170 comiti
2313 4122 2443 4185 paci
2468 4122 2615 4171 inter
2639 4122 2743 4172 Ve-

507 4206 693 4255 netias
722 4210 778 4255 et
803 4203 1211 4270 sigismundum
1235 4205 1636 4269 Imperatorem
1662 4207 2075 4272 componendae
2102 4223 2161 4258 se
2189 4210 2616 4274 interposuerat.

643 4292 696 4358 3)
722 4293 922 4356 Roth,
956 4292 1293 4344 Geschichte
1320 4295 1417 4344 des
1442 4296 1799 4361 Niirnberger
1821 4295 2074 4347 Handels
2100 4297 2143 4347 1.
2172 4314 2225 4364 p.
2253 4297 2335 4349 43.
