3049 5048
1589 256 1661 316 12

495 444 912 526 decrevisse.¹)
959 446 1141 536 Igitur
1186 462 1304 504 non
1350 444 1541 505 solum
1587 446 1780 506 medio
1827 445 1952 506 fere
1997 443 2122 505 xlv
2168 444 2404 505 saeculo
2448 446 2737 522 negotiari

494 554 695 614 solitos
741 572 868 613 esse
914 571 1049 612 cum
1093 551 1326 611 Venetis
1370 550 1825 612 Ratishonenses
1870 552 2007 611 hinc
2064 553 2343 622 efficitur,
2401 553 2504 613 sed
2561 553 2734 613 etiam

473 642 680 721 ’multo
726 667 893 720 antea
939 659 1090 718 hanc
1133 659 1286 718 inter
1332 674 1433 717 eos
1479 657 1965 718 consuetudinem
1995 657 2176 717 fuisse
2206 658 2556 720 inchoatam.
2605 659 2732 719 Fir-

497 773 690 826 matur
735 766 880 825 haec
925 765 1209 824 sententia
1255 763 1624 824 documentis
1668 764 1967 825 nonnullis
2012 783 2044 824 a
2090 763 2348 842 diligenti
2389 783 2592 825 rerum
2621 764 2735 841 Ra,-
2799 812 2804 817 .

496 872 919 932 tisbonensium
950 870 1288 947 indagatore
1319 869 1577 947 prolatis,
1620 869 1818 949 Usque
1848 871 1921 932 ad
1951 871 2169 932 saeculi
2197 870 2328 931 XIII
2357 854 2482 930 fere
2511 870 2737 930 initium

497 996 770 1056 magnam
814 976 1098 1037 Italorum
1144 979 1373 1055 copiam
1419 974 1775 1035 Ratishonae
1819 976 1999 1039 fuisse
2043 980 2254 1049 refert,
2319 982 2733 1043 mercatorum,

502 1086 601 1162 qui
646 1085 1047 1145 Romanorum
1094 1088 1279 1143 aetate
1310 1081 1646 1159 negotiandi
1678 1099 1852 1142 causa
1882 1083 1962 1144 ibi
1994 1085 2391 1153 consederint,
2450 1080 2737 1149 subolem,

496 1209 716 1269 eosque
774 1190 1066 1268 quendam
1124 1207 1258 1249 cum
1314 1187 1475 1248 Italia
1532 1205 1749 1248 nexum
1804 1206 1912 1267 per
1978 1191 2170 1249 omnia
2228 1196 2564 1266 temporum
2623 1186 2740 1245 dis-

498 1296 743 1356 crimina
788 1296 1135 1363 servavisse;
1196 1301 1322 1355 tum
1386 1312 1522 1354 vero
1581 1294 1773 1354 subito
1828 1293 1959 1354 illos
2015 1301 2283 1373 tempore
2338 1292 2736 1372 suprascripto

504 1438 574 1446 —
612 1420 729 1480 quo
777 1418 916 1461 casu
961 1408 1260 1479 permotos
1304 1402 1610 1478 ignoratur
1646 1435 1715 1444 —
1752 1400 2132 1461 Ratishonam
2176 1400 2485 1479 reliquisse
2516 1398 2736 1456 omnia-

499 1527 613 1587 que
646 1525 851 1567 eorum
895 1508 1023 1567 iura
1069 1514 1125 1567 et
1171 1506 1478 1567 commoda
1524 1506 1597 1566 ad
1643 1513 2003 1567 mercatores
2035 1506 2360 1567 Germanos
2401 1506 2517 1565 iam
2546 1510 2734 1564 trans·

500 1611 719 1693 iisse.2)
808 1611 967 1673 Haec
1023 1618 1154 1673 utut
1206 1631 1270 1672 se
1325 1611 1583 1672 habeant
1620 1647 1689 1656 —
1724 1630 1843 1672 non
1899 1630 2145 1689 prorsus
2191 1614 2346 1673 enim
2402 1612 2628 1691 liquent
2662 1646 2731 1655 —

498 1721 667 1780 firma
711 1727 914 1798 postea
958 1717 1467 1780 Ratishonensium
1515 1724 1641 1778 erat
1685 1718 1905 1796 opinio,
1953 1736 2082 1778 sese
2110 1720 2349 1795 'primos
2393 1724 2526 1797 post
2568 1717 2738 1778 Italo-

499 1845 631 1887 rum
679 1826 1001 1887 discessum
1033 1845 1167 1886 cum
1198 1825 1432 1886 Venetis
1462 1823 1749 1901 negotiari
1780 1822 2099 1901 incepisse;
2145 1824 2245 1883 XV
2276 1824 2468 1885 adhuc
2499 1823 2733 1907 saeculo

498 1933 737 2012 gloriari
794 1951 894 1993 eos
950 1933 1306 2010 reperimuS,
1365 1949 1428 1991 se
1484 1931 1710 1990 itineris
1764 1929 1967 1989 Veneti
2024 1932 2188 2007 quasi
2243 1938 2513 1992 auctores
2560 1932 2738 1992 fuisse

499 2040 873 2108 Germaniae,
920 2038 1235 2116 multisque
1279 2043 1523 2115 propter
1569 2036 1683 2095 hoc
1714 2036 2017 2106 ,meritum
2047 2035 2362 2114 privilegiis
2392 2037 2668 2115 gaudere,
2692 2037 2736 2117 3)

497 2146 653 2206 inter
699 2164 847 2223 quae
891 2143 1032 2204 illud
1080 2162 1314 2222 quoque
1357 2142 1804 2220 praedicabant,
1853 2140 2009 2220 quod
2055 2160 2232 2220 supra
2262 2145 2735 2214 memoravimus,
2797 2122 2816 2131 ⁷

498 2253 815 2332 antiquitus
859 2269 922 2311 se
967 2250 1120 2327 apud
1166 2249 1417 2309 Venetos
1460 2250 1716 2326 primum
1749 2247 1946 2307 locum
1991 2246 2050 2306 in
2095 2249 2312 2308 sontico
2344 2248 2736 2310 Theotonico-

431 2403 469 2437 ,
498 2378 631 2420 rum
678 2359 960 2418 obtinere.
979 2353 1022 2435 4)

670 2464 788 2523 Iam
818 2480 957 2523 vero
991 2460 1387 2521 confitendum
1433 2466 1537 2530 est,
1578 2460 1722 2526 ,satis
1766 2478 2006 2539 parcam
2052 2481 2192 2523 sane
2238 2462 2310 2522 de
2353 2461 2464 2521 hac
2509 2481 2735 2523 merca-

494 2580 663 2634 turae
708 2577 874 2649 parte
902 2549 1289 2630 'traditionem
1336 2586 1480 2629 esse.
1528 2568 1594 2628 In
1640 2569 1780 2647 ipsis
1824 2570 1967 2630 actis
2012 2569 2245 2629 Venetis
2276 2586 2451 2647 saepe
2491 2571 2736 2629 miratus

497 2699 629 2740 sum
673 2679 797 2738 fere
841 2695 1140 2754 nunquam
1185 2676 1700 2736 Ratishonensium
1744 2693 1961 2735 nomen
2018 2693 2362 2745 occurrere,
2424 2675 2565 2737 dum
2619 2678 2736 2737 Au-

497 2791 701 2862 gustae
757 2780 1222 2851 vindelicorum,
1279 2781 1737 2859 Norimbergae,
1809 2781 2054 2841 aliarum
2125 2781 2281 2842 haud
2334 2800 2473 2842 raro
2529 2784 2586 2842 in
2653 2784 2737 2843 eis

498 2889 718 2949 mentio
772 2889 1115 2948 inveniatur.
1130 2886 1174 2969 5)
1263 2888 1409 2948 Rem
1469 2888 1544 2947 ita
1603 2889 2023 2965 expediendam
2071 2890 2421 2950 censuerim.
2513 2889 2734 2961 Quodsi

633 3205 681 3270 1)
706 3204 1033 3255 Uldarici
1069 3203 1337 3269 Onsorg
1374 3202 1688 3252 Chronicon
1722 3203 2002 3253 Bavariae
2031 3219 2118 3268 ap.
2147 3203 2394 3256 Oefele
2419 3205 2547 3257 Rer.
2574 3209 2731 3258 Boic.

497 3296 700 3359 Script.
728 3294 755 3343 I
781 3311 832 3358 p.
860 3291 978 3343 368.

629 3382 682 3446 2)
712 3381 867 3432 Gem
885 3382 1105 3444 einer,
1145 3381 1285 3430 iiber
1319 3379 1427 3430 den
1461 3380 1751 3445 Ursprung
1789 3381 1888 3435 der
1912 3382 2074 3433 Stadt
2097 3383 2462 3449 Regensburg
2487 3400 2616 3450 pag.
2645 3384 2728 3435 49.

627 3470 678 3535 3)
706 3469 838 3521 Ibid.
876 3485 1004 3535 pag.
1040 3467 1107 3518 49
1141 3468 1361 3518 Soliche
1386 3468 1640 3518 Freiheit
1667 3505 1678 3518 .
1698 3505 1709 3518 .
1823 3469 2008 3522 haben
2033 3472 2123 3522 die
2148 3473 2385 3522 Fiirsten
2420 3489 2487 3522 zu
2510 3475 2734 3538 Bayern

495 3561 594 3610 der
642 3559 838 3609 erbern
887 3558 1038 3608 Statt
1084 3557 1177 3606 hie
1204 3572 1271 3605 zu
1295 3557 1662 3622 Regensburg
1708 3558 1915 3623 geben,
1967 3578 2160 3612 wann
2208 3564 2310 3612 sie
2359 3579 2587 3613 waren
2622 3565 2734 3614 die

495 3650 732 3695 ersten
770 3661 890 3695 aus
938 3647 1182 3696 diesen
1230 3647 1539 3709 Landen,
1592 3647 1701 3696 die
1751 3648 1834 3712 dy
1881 3649 2208 3701 Strassen
2256 3667 2384 3716 gen
2418 3653 2736 3720 Venedig

491 3737 741 3785 hinein
765 3736 799 3784 b
818 3740 1097 3796 aueten,
1126 3734 1272 3783 nach
1298 3735 1544 3806 der‘Zeit
1568 3738 1678 3787 und
1705 3737 1833 3802 (als)
1861 3739 1951 3789 die
1964 3738 2205 3789 Walhen
2231 3741 2542 3805 gewonlich
2557 3743 2648 3792 hie
2663 3760 2730 3793 zu

494 3826 558 3875 R.
598 3826 699 3875 mit
734 3826 883 3875 ihrer
914 3825 1425 3876 Kaufmannschaft
1450 3828 1689 3894 gelegen
1713 3845 1915 3879 waren.
1965 3828 2089 3878 Ibid
2113 3844 2240 3894 pag.
2279 3829 2369 3880 50:
2405 3848 2454 3880 w
2472 3848 2598 3882 ann
2625 3835 2683 3883 si
2702 3851 2732 3884 e

496 3929 663 3978 seyn
688 3914 797 3963 die
826 3919 1061 3964 ersten
1086 3928 1405 3979 gewesen
1429 3915 1688 3983 hineyn
1713 3935 1842 3985 gen
1865 3920 2193 3985 Venedig.

629 4000 683 4064 4)
708 4002 849 4051 Ibid.
876 4018 1004 4067 pag.
1036 4001 1095 4050 11
1124 4002 1368 4052 Chronik
1392 4021 1500 4080 yon
1523 4008 1661 4074 Reg.
1690 4009 1746 4059 ΙΙ
1769 4026 1820 4074 p.
1848 4008 1948 4059 205
1972 4010 2074 4059 ΙΙΙ.
2100 4026 2153 4074 p.
2186 4008 2316 4060 150..

633 4089 686 4155 5)
712 4092 778 4141 In
815 4091 957 4141 libro
992 4094 1613 4155 „Commemorialium“
1645 4099 1705 4147 in
1738 4097 2018 4149 tabulario
2042 4098 2259 4148 Veneto
2295 4103 2517 4149 servato
2561 4100 2630 4150 ad
2677 4118 2728 4152 a..

501 4181 632 4234 1330
658 4188 714 4233 et
743 4181 868 4233 1331
897 4189 1267 4233 memorantur
1301 4190 1668 4237 mercatores:
1704 4185 2045 4237 Heinrich
2080 4201 2212 4236 von
2245 4188 2632 4241 Miinchsen
2673 4197 2731 4242 et

496 4272 812 4339 Leogard
836 4289 963 4325 von
988 4274 1363 4341 Ransborg.
1390 4275 1573 4339 Perta,
1600 4275 1806 4328 Archiv
1829 4278 2059 4343 IVpng.
2086 4274 2204 4327 200.
