3049 5048
1579 269 1628 329 6.

490 479 618 522 esse
664 460 1060 537 exposituros;
1107 458 1221 518 hoc
1262 463 1489 517 tantum
1535 455 1704 515 nobis
1745 455 2194 534 proposuimuS,
2240 461 2309 515 ut
2349 461 2411 514 et
2448 440 2718 514 locorum

491 573 549 627 et
576 566 860 642 temporis
904 562 1078 624 veluti
1108 564 1252 622 fines
1293 560 1944 630 circumscriberemuS,
1992 559 2204 638 quibus
2237 563 2595 630 continetur,
2642 559 2718 618 si-

489 669 729 748 mulque
773 688 923 748 quae
968 668 1276 746 singularis
1321 666 1495 728 huius
1551 667 1887 726 commercii
1933 667 2110 727 fuerit
2153 673 2392 737 natura,
2441 685 2590 745 quae
2634 664 2718 725 le-

489 795 592 855 ges
624 784 682 836 et
708 777 1013 837 universae
1058 774 1448 842 conditioneS,
1495 791 1646 850 quae
1678 772 1983 832 commoda
2009 779 2074 834 'et
2101 756 2553 853 impedimenta,
2594 788 2717 831 non

486 885 566 942 ita
623 882 878 961 generali
933 881 1461 948 demonstratione,
1530 895 1705 955 quam
1764 878 2170 957 exemplorum
2228 877 2604 959 quorundam
2662 882 2722 936 et

489 987 978 1051 documentorum
1021 985 1505 1065 interpretatione
1550 981 2033 1060 exprimeremus,

1582 1408 1641 1482 Ι.

661 1612 789 1684 Quo
834 1621 1103 1691 tempore
1146 1613 1406 1691 primum
1449 1631 1481 1672 a
1527 1611 1762 1672 Venetis
1807 1610 2159 1671 commercia
2192 1609 2328 1668 iniri
2374 1615 2579 1687 coepta
2611 1609 2727 1667 sint

492 1711 625 1780 cum
673 1718 984 1779 Germania
1005 1767 1020 1789 ,
1080 1719 1293 1780 eadem·
1341 1719 1464 1779 fere
1516 1718 1690 1778 nobis
1748 1715 1993 1795 caligine
2048 1715 2430 1784 ohscuratur,
2493 1732 2607 1791 qua
2663 1714 2724 1772 in

489 1823 906 1903 plerarumque
950 1843 1154 1886 rerum
1185 1826 1256 1885 ad
1303 1827 1500 1903 priora
1545 1824 1669 1885 aevi
1712 1823 1889 1883 medii
1940 1821 2172 1883 saecula
2202 1821 2593 1900 spectantium
2635 1821 2721 1878 in-

490 1929 770 2008 dagandis
812 1930 1148 2007 primordiis
1190 1930 1545 1992 laboramus,
1637 1927 2143 1999 Quemadmodum
2189 1928 2345 1988 enim
2389 1929 2619 2005 saepius
2663 1928 2722 1986 in

493 2035 829 2097 huiusmodi
897 2036 1080 2098 rebus
1135 2038 1368 2107 accidit,
1438 2043 1503 2097 ut
1561 2055 1657 2098 res
1689 2106 1693 2110 ἢ
1730 2035 2012 2115 quasdam
2069 2039 2126 2095 et
2184 2034 2545 2094 conditiones
2601 2032 2725 2093 fere

489 2141 797 2220 repentino
827 2141 941 2200 iam
972 2149 1130 2203 actas
1162 2151 1220 2204 et
1246 2144 1539 2221 perfectas
1567 2141 1739 2201 nobis
1769 2141 2137 2202 innotescere
2167 2141 2497 2209 videamus,
2545 2139 2720 2216 origi-

490 2266 596 2308 nes
650 2265 789 2308 vero
846 2266 1092 2326 prorsus
1145 2247 1363 2309 lateant
1424 2254 1482 2308 et
1536 2265 1647 2318 „ex
1705 2247 1839 2306 visis
1883 2264 2003 2306 non
2046 2228 2206 2306 visa“
2254 2244 2557 2314 concludi,
2603 2244 2721 2304 imo

491 2373 668 2432 saepe
711 2353 955 2414 divinari
1001 2360 1296 2430 oporteat,
1353 2354 1430 2414 ita
1487 2355 1547 2413 in
1603 2354 1715 2413 hac
1760 2371 1995 2431 quoque
2040 2359 2242 2412 nostra
2287 2351 2461 2412 causa
2505 2351 2721 2411 factum

468 2462 772 2530 ridemus.
861 2460 1293 2521 posterioribus
1338 2462 1491 2521 enim
1534 2461 1656 2520 aevi
1702 2459 1877 2520 medii
1922 2457 2169 2518 saeculis
2199 2446 2592 2518 mercaturam
2635 2457 2720 2516 in-

493 2576 584 2630 ter
614 2569 865 2629 Venetos
911 2573 969 2627 et
1014 2585 1110 2626 eas
1140 2566 1488 2629 Germaniae
1532 2575 1762 2650 parteS‚
1808 2585 1959 2644 quae
1992 2564 2189 2625 Italiae
2219 2564 2557 2646 imminent,
2604 2580 2722 2621 non

491 2676 666 2736 modo
712 2673 927 2733 florere
972 2672 1294 2743 cernimuS,
1341 2675 1444 2735 sed
1487 2674 1657 2735 etiain
1706 2671 2060 2751 amplissime
2088 2678 2319 2749 patere;
2360 2669 2481 2749 jam
2513 2669 2561 2728 si
2593 2668 2722 2746 quis

492 2780 638 2839 haec
681 2797 798 2838 una
829 2796 963 2838 cum
1007 2785 1274 2856 tempore
1303 2779 1660 2857 procedente
1692 2779 1941 2838 crevisse
1987 2785 2046 2838 et
2088 2796 2121 2837 a
2164 2777 2358 2855 parvis
2390 2776 2461 2835 ad
2507 2793 2718 2854 magna

491 2882 788 2963 paullatim
835 2883 1138 2959 transiisse
1176 2884 1326 2944 iuste
1372 2884 1708 2944 existimans
1746 2885 1904 2961 ipsas
1947 2901 2151 2943 rerum
2195 2882 2450 2960 origines
2479 2882 2721 2959 ipsaque

491 2988 813 3068 primordia
855 2988 1154 3065 inquirere
1200 2988 1422 3065 cupiat,
1468 3007 1607 3049 mox
1639 3006 1755 3068 quo
1801 2988 1873 3047 ad
1913 2988 2072 3048 initia
2114 2988 2361 3065 propius
2389 2985 2718 3054 recesserit,

491 3095 706 3156 leviora
761 3097 950 3173 usque
1002 3093 1261 3171 reperiet
1314 3094 1559 3164 indicia;
1618 3095 1870 3175 denique
1925 3096 2119 3155 omnia
2175 3093 2264 3155 vel
2324 3093 2561 3171 vestigia
2617 3091 2718 3151 de-

491 3201 703 3262 ficient.

662 3304 784 3366 Nec
825 3321 965 3364 vero
1010 3304 1141 3365 ideo
1188 3305 1263 3365 de
1306 3322 1373 3365 re
1419 3305 1657 3365 omnino
1688 3306 2139 3385 desperandum.
2230 3306 2361 3386 Ipsa
2395 3302 2723 3364 traditionis

489 3411 684 3489 inopia
728 3428 1006 3487 magnum
1051 3410 1211 3472 addit
1254 3411 1547 3489 gravitatis
1576 3412 2004 3473 incrementum
2046 3413 2250 3490 paucis
2285 3410 2398 3471 illis
2444 3427 2594 3488 quae
2624 3426 2720 3468 su-

490 3523 738 3597 persunt
780 3515 1058 3595 reliquiis
1147 3515 1261 3575 Eas
1290 3517 1466 3595 igitur
1497 3516 1866 3587 adeundum,
1912 3519 2049 3578 hinc
2079 3518 2554 3586 fundamentum,
2603 3533 2719 3593 quo

452 3624 640 3686 nixis
697 3623 768 3684 ad
814 3621 1140 3701 posteriora
1197 3619 1370 3681 liceat
1423 3622 1730 3700 progredi,
1790 3624 2127 3700 petendum.
2221 3624 2505 3683 Perversa
2565 3622 2720 3681 enim

491 3732 617 3791 sine
660 3729 839 3790 dubio
882 3727 1116 3788 illorum
1162 3728 1309 3788 ratio
1356 3734 1458 3798 est,
1507 3730 1609 3807 qui
1652 3730 1785 3807 quia
1813 3728 2162 3806 paucissima
2194 3747 2334 3790 sane
2363 3729 2438 3788 ad
2476 3729 2717 3789 demon-

492 3835 831 3918 strationem
876 3833 1271 3909 reperiuntur,
1319 3834 1631 3911 antiquiori
1677 3840 1943 3911 tempore
1986 3831 2165 3893 ullam
2191 3834 2368 3895 fuisse
2412 3836 2564 3894 inter
2608 3832 2726 3892 Ita-²

489 3939 628 3999 liam
673 3945 730 3999 et
759 3940 1128 3999 Germaniam
1170 3944 1565 3999 mercaturam
1594 3956 1812 4015 negare
1858 3955 2031 4016 posse
2075 3938 2184 3998 sibi
2227 3941 2514 4001 videntur.
2603 3938 2717 3999 Eo-

490 4062 627 4104 rum
682 4062 753 4103 ex
811 4062 1059 4104 numero
1117 4050 1206 4104 est
1260 4044 1359 4122 qui
1402 4044 1702 4104 uberrime
1756 4046 1827 4105 de
1870 4045 2052 4105 rebus
2094 4047 2311 4105 nostris
2353 4045 2719 4105 mercatoriis

402 4172 415 4181 ’
492 4149 752 4227 scripsit,
799 4149 833 4209 J
849 4167 952 4210 on.
1000 4149 1348 4218 Fischer,
1409 4151 1509 4227 qui
1563 4152 1647 4211 uti
1695 4151 1767 4211 de
1812 4158 2173 4222 mercatura,
2223 4147 2415 4229 quoad
2460 4149 2533 4208 ad
2576 4146 2715 4208 reli-

489 4272 636 4332 quas
679 4254 1026 4317 Germaniae
1068 4262 1266 4334 partes
1309 4260 1563 4334 spectat,
1620 4254 2110 4336 locupletissimus
2160 4273 2301 4318 sane
2345 4261 2551 4316 auctor
2595 4253 2714 4315 exi·
