3049 5048
1393 282 1469 342 15

403 470 685 531 nuncium
732 468 1023 528 dictorum
1067 475 1409 529 nostrorum
1454 470 1664 529 civium
1695 472 2092 526 mercatorum
2120 466 2557 545 providebimus

405 574 901 636 transmittendas

882 679 1007 740 Dat.
1067 680 1161 740 die
1205 679 1332 741 XVI
1377 679 1619 742 Octubr.
1667 678 1768 739 V11
1811 680 1973 740 Indic

570 996 640 1056 Π.
686 995 807 1057 Nos
850 995 1060 1057 Petrus
1105 997 1437 1058 Gradonico
1483 997 1578 1057 dei
1622 997 1806 1074 gratia
1849 993 2058 1056 Venec‘.
2093 995 2347 1056 Dalmac.
2382 1004 2556 1076 atque

405 1103 637 1163 chroac.
696 1102 813 1162 dux
870 1102 1143 1163 dominus
1211 1110 1418 1182 quarte
1474 1102 1658 1180 partis
1704 1109 1762 1162 et
1807 1102 2029 1162 dimidii
2071 1104 2260 1163 tocius
2320 1103 2557 1181 Imperii

404 1208 687 1269 Romanie
731 1226 841 1286 per
884 1211 1175 1286 presentis
1218 1209 1593 1269 instrumenti
1636 1209 1908 1288 pagiuam
1954 1207 2250 1268 Universis
2295 1226 2423 1268 esse
2456 1227 2552 1267 vo-

404 1311 598 1374 lumus
653 1315 1027 1377 manifestum
1062 1349 1131 1360 -
1167 1315 1445 1394 quoniam
1498 1312 1726 1372 nobiles
1783 1319 1840 1373 et
1889 1312 2211 1391 prudentes
2253 1315 2361 1374 viri
2406 1314 2553 1374 Con·

409 1416 566 1477 sules
598 1425 655 1479 et
683 1418 1038 1481 Universitas
1070 1421 1280 1481 civium
1311 1423 1369 1480 in
1401 1419 1662 1498 Augusta
1691 1417 1862 1477 nobis
1889 1435 1998 1496 per
2027 1437 2162 1479 suas
2195 1404 2572 1480 authenticas*

404 1523 627 1584 litteras
668 1526 1039 1587 insinuarunt
1081 1534 1408 1588 asserentes
1452 1525 1611 1604 quod
1656 1532 2017 1586 mercatores
2041 1512 2268 1585 ‘eorum
2310 1543 2419 1602 per
2459 1544 2555 1585 oc-

405 1633 698 1693 casionem
740 1631 1057 1702 Tholonei‚
1092 1631 1248 1712 quod
1293 1631 1447 1709 apud
1492 1637 1755 1690 nostram
1785 1631 2071 1692 civitatem
2100 1630 2313 1692 Venec.
2347 1638 2550 1691 contra

408 1757 508 1799 eos
563 1739 670 1799 fuit
723 1736 1005 1799 indictum
1061 1744 1305 1816 propter
1358 1753 1455 1796 res
1509 1735 1733 1797 ablatas
1777 1737 1952 1797 certis
1994 1737 2264 1799 fidelibus
2319 1741 2553 1808 nostriS‚

410 1845 661 1922 dampna
689 1840 1086 1920 pertulerant,
1133 1858 1248 1918 que
1276 1844 1387 1920 ipsi
1416 1861 1524 1921 per
1557 1844 1853 1921 antiquam
1883 1843 2194 1904 amicitiam
2224 1863 2359 1905 cum
2389 1844 2559 1905 nobis

409 1957 466 2010 et
510 1950 724 2009 nostris
768 1949 985 2009 diutius
1029 1947 1394 2008 observatam
1438 1947 1661 2009 illesam
1708 1956 1767 2008 et
1808 1949 1869 2008 in
1910 1956 2214 2026 posterum
2244 1949 2558 2010 observan-

415 2056 578 2126 dam,
626 2055 700 2115 de
740 2054 909 2115 bonis
951 2073 1057 2115 sue
1101 2055 1533 2115 communitatis
1573 2055 1861 2115 resarcire
1890 2053 2162 2114 volebant
2206 2061 2263 2114 et
2306 2062 2557 2116 arresta-

410 2162 632 2221 tionem
675 2179 779 2220 seu
824 2161 1213 2222 retentionem
1258 2160 1471 2221 factam
1515 2161 1590 2220 de
1634 2159 1802 2220 ballis
1845 2161 1964 2219 sive
2007 2158 2188 2219 rebus
2233 2166 2290 2219 et
2333 2178 2558 2220 merca-

411 2248 676 2354 cionibus
718 2273 1059 2326 nostrorum
1102 2273 1499 2327 mercatorum
1546 2273 1603 2326 et
1647 2268 1856 2328 civium
1901 2267 2054 2345 apud
2096 2264 2322 2325 Fauces
2351 2282 2559 2343 seque-

408 2371 603 2429 stratis
648 2376 709 2430 et
754 2373 996 2432 retentis
1026 2371 1442 2432 relaxationem
1472 2372 1744 2433 volebant
1774 2374 1969 2434 facere
1999 2371 2344 2443 absolutam,
2389 2371 2561 2431 nobis

413 2477 496 2538 eis
541 2454 886 2539 facientibus
930 2477 1303 2538 securitatem
1345 2495 1455 2557 per
1497 2477 1731 2558 publica
1773 2480 2161 2541 instrumenta
2215 2478 2430 2538 nostris
2485 2477 2560 2537 si-

415 2584 566 2663 gillis
609 2586 859 2663 signata,
908 2584 1066 2662 quod
1111 2585 1331 2646 dictum
1375 2584 1721 2647 tholoneum
1764 2585 1837 2646 ab
1884 2603 2090 2646 eorum
2133 2584 2561 2644 mercatoribus

411 2709 530 2751 non
562 2696 1012 2770 extorqueretur
1039 2691 1100 2751 in
1130 2689 1397 2768 amplius,
1443 2698 1620 2770 atque
1651 2693 1733 2752 eis
1761 2698 2007 2770 propter
2036 2694 2562 2771 sequestrationem

412 2796 736 2874 predictam
793 2813 902 2873 per
956 2813 1067 2856 nos
1123 2802 1225 2855 aut
1266 2803 1501 2855 nostros
1545 2797 1704 2857 nulla
1746 2796 2011 2858 molestia
2054 2799 2404 2869 inferretur,
2460 2799 2563 2860 sed

412 2903 616 2980 pocius
672 2901 908 2980 antiqua
965 2899 1353 2962 familiaritate
1409 2910 1467 2964 et
1534 2905 1784 2965 amicitia
1847 2903 1908 2964 in
1968 2911 2172 2965 nostro
2228 2906 2563 2967 foverentur

414 3007 682 3068 districtu
718 3039 789 3050 —-
824 3001 965 3069 Ideo
1010 3026 1120 3067 nos
1166 3006 1285 3068 dux
1329 3009 1630 3087 predictus
1673 3009 1910 3070 nomine
1953 3016 2156 3071 nostro
2214 3019 2272 3072 et
2321 3012 2562 3073 Univer-

415 3113 598 3173 sitatis
657 3119 716 3172 et
767 3114 1097 3175 communis
1139 3112 1351 3175 veneo.
1411 3133 1520 3194 per
1563 3132 1811 3193 presens
1852 3117 2309 3177 instrumentum
2355 3135 2563 3177 conve-

415 3221 611 3280 nimus
656 3224 714 3278 et
756 3220 1151 3296 promittimus
1178 3221 1321 3299 ipsis
1364 3220 1704 3281 consulibus
1735 3226 1793 3281 et
1821 3221 2189 3282 Universitati
2235 3223 2445 3283 civium
2491 3222 2563 3282 de

419 3326 707 3403 Augusta,
753 3324 911 3403 quod
957 3326 1039 3385 eis
1084 3323 1529 3386 observantibus
1572 3325 1835 3405 predicta
1879 3328 2133 3407 pollicita
2178 3334 2235 3387 et
2277 3328 2566 3405 promissa

417 3448 527 3509 per
582 3448 683 3490 eos
738 3436 797 3490 et
849 3430 1144 3508 predictas
1186 3430 1369 3491 ballas
1412 3448 1509 3491 res
1556 3437 1615 3490 et
1656 3431 2056 3491 mercaciones
2098 3440 2440 3494 nostrorum
2485 3432 2564 3492 ci-

416 3538 575 3597 vium
627 3543 1025 3597 mercatorum
1081 3542 1473 3615 sequestratas
1532 3542 1591 3597 et
1645 3543 1933 3606 retentaS,
1991 3536 2065 3596 de
2120 3537 2334 3617 quibus
2388 3554 2568 3614 supra
2665 3587 2672 3591 ,

416 3643 482 3703 fit
525 3643 752 3704 mencio
798 3647 856 3701 et
897 3640 1149 3702 habetur
1170 3642 1444 3714 intencio,
1474 3640 1691 3702 liberas
1721 3650 1788 3728 et=
1807 3642 2101 3703 absolutas
2130 3641 2570 3704 restituentibus

422 3755 481 3809 et
535 3747 961 3818 relaxantibuS,
1014 3755 1194 3826 prout
1244 3748 1305 3808 in
1364 3767 1572 3810 eorum
1614 3725 1848 3818 litteris,
1907 3749 1981 3809 de
2025 3748 2240 3827 quibus
2282 3766 2461 3826 supra
2504 3748 2570 3808 fit

417 3855 667 3924 mencio,
713 3853 1065 3915 conveniunt
1107 3860 1165 3914 et
1189 3856 1572 3933 promittunt,
1620 3862 1678 3917 et
1703 3853 1846 3932 ipsis
1872 3853 2071 3924 hallis,
2116 3854 2297 3916 rebus
2328 3861 2386 3914 et
2413 3871 2569 3915 mer·

422 3960 757 4024 nacionibus
800 3960 1196 4037 sequestratis·
1224 3968 1284 4021 et
1325 3962 1569 4023 retentis
1611 3960 1795 4021 libere
1852 3966 1910 4021 et
1964 3959 2230 4022 absolute
2286 3961 2567 4022 restitutis

324 4128 331 4134 .
425 4075 483 4128 et
513 4066 788 4129 relaxatis
829 4064 1160 4143 predictum
1203 4067 1545 4130 tholoneum
1600 4066 1675 4129 ab
1719 4084 1926 4127 eorum
1968 4065 2395 4127 mercatoribus
2449 4082 2569 4124 non

426 4172 868 4252 extorquebitur
921 4173 983 4232 in
1026 4171 1306 4252 amplius,
1352 4191 1463 4233 nec
1532 4173 1796 4251 ipsorum
1854 4170 2282 4232 mercatoribus
2325 4175 2568 4246 propter

422 4278 959 4358 sequestracionem
1010 4279 1337 4358 predictam
1391 4278 1676 4339 inferetur
1716 4295 1826 4357 per
1870 4295 1979 4339 nos
2020 4275 2118 4341 vel¹
2153 4281 2388 4337 nostros
2441 4292 2566 4335 mo·
