3049 5048
1564 254 1600 313 8

462 445 793 527 narravit¹).
871 446 981 516 Qui
1025 445 1165 505 dum
1194 444 1559 503 notissimam
1601 440 1759 503 illam
1790 440 2286 502 narratiunculam
2327 442 2541 511 refert,
2589 461 2701 519 qua

463 556 678 617 summi
734 552 1112 630 Imperatoris
1166 550 1530 626 parcimonia
1585 549 1912 628 praedicari
1969 547 2145 618 solet,
2191 549 2383 625 ipsum
2431 546 2703 607 Carolum

460 660 725 740 pluvioso
780 659 875 719 die
928 654 1354 733 simplicissima
1409 663 1568 715 veste
1603 647 1890 715 ⁴indutum
1945 661 2217 714 venatum
2271 655 2407 739 iisse
2477 654 2706 732 prodit;

463 774 589 827 tum
646 764 806 824 addit
864 764 938 824 de
999 760 1342 822 comitibus:
1400 761 1736 830 „caeteri
1809 778 2013 829 vero,
2086 767 2341 838 utpote
2414 760 2706 821 feriatis

465 871 727 932 diebus
784 876 854 930 et
907 870 1026 947 qui
1082 867 1292 928 modo
1337 866 1420 926 de
1465 866 1684 943 Papia
1728 868 2141 938 venissent,
2205 870 2289 929 ad
2335 888 2544 947 quam
2587 886 2705 927 nu-

462 994 594 1054 per
651 975 985 1041 Venetici
1041 975 1123 1035 de
1176 971 1701 1034 transmarinis
1757 973 2095 1065 partibus
2164 992 2414 1034 omnes
2471 974 2706 1034 orien-

462 1081 725 1142 talium
768 1081 1060 1141 divitias
1118 1080 1663 1146 advectassent,
1695 1077 2089 1155 phenicum
2118 1077 2447 1156 pellibus
2477 1079 2709 1159 avium

467 1188 708 1250 serico
784 1187 1270 1249 circumdatis
1338 1191 1405 1247 et
1458 1201 1812 1271 pavonum
1871 1185 2090 1246 collis
2155 1206 2316 1247 cum
2376 1192 2582 1264 tergo
2634 1220 2703 1229 -—

472 1329 541 1339 —
596 1328 664 1339 —
708 1328 778 1339 —-·
830 1292 1366 1354 circumamicti
1419 1288 1989 1368 procedebant.“
2047 1291 2229 1370 Igitur
2284 1293 2462 1369 Papia
2516 1292 2712 1353 civitas

471 1397 580 1477 (vel
624 1398 913 1468 Ticinum,
961 1400 1008 1458 si
1053 1399 1185 1477 quis
1230 1398 1534 1476 antiquum
1564 1394 1782 1456 mavult
1811 1397 2045 1478 nomen)
2095 1405 2233 1458 tunc
2286 1399 2568 1475 temporis
2597 1399 2713 1457 iam
2781 1462 2796 1477 x

470 1507 800 1584 emporium
846 1505 1141 1584 quoddam
1185 1505 1365 1566 fuisse
1406 1503 1667 1572 videtur,
1716 1519 1832 1580 quo
1877 1521 2107 1564 merces
2138 1523 2170 1564 a
2200 1503 2435 1564 Venetis
2464 1505 2710 1566 advehe-

467 1613 711 1682 bantur;
769 1612 905 1673 inde
960 1629 1069 1690 per
1121 1618 1313 1671 terras
1365 1611 1586 1671 vicinas
1643 1607 2151 1678 diffundebantur;
2208 1627 2344 1669 mox
2403 1616 2599 1671 autem
2656 1618 2714 1671 et

468 1719 579 1796 ipsi
634 1718 967 1778 Germanici
1023 1723 1385 1777 mercatores
1439 1715 1664 1776 Italiam
1719 1720 1922 1793 petere
1968 1720 2025 1774 et
2069 1716 2310 1776 orientis
2354 1734 2583 1777 merces
2637 1717 2710 1777 ad

479 1843 615 1886 suas
659 1825 932 1903 regiones
977 1829 1216 1900 portare
1262 1828 1603 1899 coeperunt.
1638 1819 1681 1901 2)

642 1930 756 1991 Sed
801 1931 978 1990 missa
1023 1930 1137 1989 iam
1182 1929 1328 1989 haec
1373 1927 1444 1988 ad
1490 1927 1799 2004 superiora
1846 1932 2114 2004 tempora
2160 1930 2481 2006 spectantia
2538 1930 2714 1990 facia-

472 2056 630 2108 muS‚
688 2038 763 2098 de
821 2036 1035 2116 quibus
1094 2038 1193 2116 qui
1239 2040 1404 2095 certa
1448 2039 1609 2110 petat
1652 2035 1856 2110 paucis
1901 2041 2242 2096 contentum
2289 2054 2417 2097 esse
2461 2045 2711 2115 oportet.

472 2144 626 2204 Tum
671 2144 826 2221 enim
869 2144 994 2220 ipsa
1038 2142 1124 2202 rei
1169 2147 1378 2202 natura
1410 2138 1693 2208 efficitur,
1740 2144 1806 2198 ut
1848 2139 1909 2199 in
1950 2139 2048 2200 illa
2079 2148 2299 2215 aetate,
2346 2146 2405 2204 in
2437 2164 2551 2224 qua
2581 2154 2716 2224 post

473 2248 677 2327 longas
721 2248 927 2309 turbas
971 2247 1161 2325 prima
1204 2248 1340 2306 novi
1385 2245 1688 2306 cuiusdam
1734 2245 1957 2305 ordinis
2001 2250 2223 2308 semina
2269 2249 2464 2310 denuo
2523 2250 2715 2330 pullu-

471 2352 596 2414 lare
648 2352 1034 2430 incipiebant,
1091 2352 1340 2430 sparsim
1395 2358 1623 2411 tantum
1669 2370 1736 2412 ac
1779 2351 2075 2430 paullatim
2136 2372 2238 2414 eae
2294 2362 2450 2416 artes
2497 2375 2716 2436 eaeque

474 2460 624 2520 vitae
667 2458 961 2520 humanae
1004 2459 1380 2519 necessitates
1423 2457 1831 2536 provenirent,
1892 2478 2042 2540 quae
2097 2478 2216 2520 non
2259 2461 2370 2520 nisi
2416 2460 2718 2523 elatiorem

477 2567 769 2646 quandam
827 2566 1118 2627 civitatum
1177 2566 1570 2627 conditionem
1628 2567 1795 2644 sequi
1853 2565 2070 2637 solent;
2129 2574 2255 2627 tum
2312 2586 2452 2627 vero
2508 2587 2575 2628 ea
2632 2575 2720 2629 est

476 2690 825 2732 coaevorum
856 2676 1213 2751 scriptorum
1243 2673 1602 2751 proprietaS,
1649 2680 1716 2733 ut
1757 2691 2058 2751 nunquam
2100 2675 2225 2734 fere
2271 2674 2343 2734 de
2382 2675 2718 2735 huiusmodi

475 2778 657 2839 rebus
701 2778 774 2837 ad
817 2778 966 2839 vitae
1014 2778 1232 2840 cultum
1281 2785 1338 2839 et
1381 2778 1453 2838 ad
1498 2778 1866 2857 quotidianas
1909 2779 2135 2839 vivendi
2181 2779 2543 2841 conditiones
2583 2798 2718 2859 per·

476 2883 797 2944 tinentibus
840 2884 965 2961 ipsa
996 2885 1083 2944 rei
1128 2885 1407 2962 gravitate
1451 2883 1674 2944 inducti
1718 2883 2050 2962 loquantur,
2099 2885 2203 2944 sed
2246 2887 2547 2972 rarissimo
2590 2893 2720 2946 tan-

477 2995 605 3050 tum
649 2989 884 3050 fortuita
931 2989 1182 3068 quadam
1227 2989 1420 3050 oblata
1466 2991 1773 3049 occasione
1815 2989 2118 3066 parvulam
2163 2992 2397 3069 scriptis
2442 2994 2563 3053 suis
2615 3011 2719 3052 no-

479 3095 663 3154 titiam
719 3095 998 3155 inserant.
1098 3094 1173 3154 Et
1228 3114 1295 3156 ea
1350 3096 1587 3175 quidem
1642 3095 1836 3173 inopia
1892 3095 2064 3154 etiam
2119 3094 2304 3156 multo
2372 3105 2506 3176 post
2566 3099 2718 3177 apud

478 3199 795 3280 plerosque
839 3202 1157 3280 scriptores
1199 3202 1520 3272 invenitur,
1568 3201 1626 3261 id
1658 3200 1814 3280 quod
1845 3219 1965 3260 non
1995 3202 2285 3263 modicam
2319 3204 2476 3265 addit
2505 3205 2597 3264 his
2627 3223 2720 3265 re-

480 3310 594 3371 bus
637 3309 980 3388 indagandis
1025 3305 1445 3367 difficultatem.
1538 3308 1749 3369 Secuta
1793 3309 1907 3368 iam
1950 3315 2086 3368 sunt
2115 3308 2268 3370 bella
2298 3309 2393 3368 illa
2422 3326 2533 3386 pro
2562 3316 2723 3370 terra

482 3417 822 3477 Christianis
866 3431 1031 3475 sacra
1078 3413 1480 3490 recuperanda
1526 3422 1823 3490 suscepta,
1871 3434 2021 3494 quae
2064 3415 2384 3494 plurimum
2414 3414 2723 3476 valuerunt

482 3523 554 3583 ad
609 3522 924 3600 aperienda
979 3519 1366 3579 remotissima
1422 3519 1665 3579 orientis
1719 3519 1847 3580 loca
1903 3528 1962 3581 et
2016 3522 2089 3581 ad
2162 3522 2588 3598 navigationem
2637 3527 2723 3580 “et

484 3635 878 3688 mercaturam
921 3622 1407 3700 amplificandam.
1453 3624 1707 3685 Prorsus
1751 3643 1899 3686 nova
1943 3627 2080 3688 hinc
2112 3645 2249 3687 aera
2279 3625 2499 3703 incipit.
2549 3626 2716 3685 Sum-

484 3750 647 3794 mum
695 3732 850 3791 enim
893 3731 1223 3809 usquedum
1268 3749 1336 3791 ac
1380 3731 1766 3809 praecipuum
1807 3734 1984 3793 totius
2016 3732 2177 3792 orbis
2209 3733 2538 3811 emporium
2571 3732 2720 3793 Con-

484 3830 890 3909 stantinopolis
934 3833 1151 3901 fuerat3
1199 3832 1318 3892 huc
1362 3850 1432 3892 ex
1478 3833 1752 3895 omnibus
1796 3835 2037 3895 orientis
2067 3834 2362 3913 partibus,
2409 3853 2559 3913 quae
2593 3834 2722 3897 uhi-

626 4007 1068 4071 1)M0nachus
1094 4006 1607 4074 SangallensiS,
1626 4008 1882 4075 degestis
1905 4013 2492 4080 KaroliImperatoriS.
2520 4016 2722 4066 Pertz

489 4095 800 4161 Scriptores
825 4097 889 4146 T.
917 4096 991 4147 ΙΙ.
1020 4113 1071 4161 p.
1100 4094 1217 4146 760.

620 4185 673 4250 2)
699 4185 1057 4237 Eccehardus
1081 4186 1175 4237 IV.
1201 4186 1265 4236 B.
1295 4185 1534 4237 Casuum
1560 4187 1613 4238 S.
1644 4187 1794 4239 Galli
1842 4187 2061 4240 Contin.
2088 4188 2132 4237 Ι.
2162 4187 2306 4254 apud
2330 4187 2494 4237 Pertz
2520 4186 2723 4253 Seript.

479 4273 557 4325 ΙΙ.
583 4290 713 4341 pag.
739 4272 823 4326 80.
870 4275 957 4326 Ibi
984 4276 1055 4327 ad
1081 4292 1130 4326 a.
1156 4275 1259 4327 917
1284 4280 1662 4340 „mercatores
1689 4292 1756 4328 ex
1779 4276 1950 4328 Italia
1975 4276 2310 4328 redeuntes“
2334 4281 2722 4329 memorantur.
