3049 5048
1560 255 1641 314 42

487 466 633 527 pore
678 452 1020 514 creverunt,
1088 462 1207 504 non
1250 442 1518 512 libidine,
1575 441 1680 503 sed
1723 447 1992 519 tempore
2036 438 2272 501 dissolvi
2323 455 2565 521 necesse
2609 442 2719 497 est.

488 553 563 612 Et
605 552 705 629 qui
751 549 890 610 olim
921 569 1204 630 oppresso
1234 550 1536 611 Friderico
1566 547 1870 607 Austriaco
1901 545 2222 625 gloriosum
2250 544 2396 605 illud
2425 543 2721 604 edixerat:

488 659 670 726 Ecce,
717 662 933 734 quanta
975 657 1152 736 Regis
1196 657 1473 718 Germani
1516 653 1805 733 potentia!
1865 652 1926 711 in
1969 652 2085 712 hoc
2127 656 2348 712 tentato
2392 650 2611 710 frustra
2653 667 2726 709 se

489 761 820 822 elaborasse
862 780 1002 823 mox
1046 764 1291 825 videbat.
1381 760 1587 837 Neque
1641 759 1819 836 igitur
1874 775 2049 817 omne
2091 757 2178 817 rei
2233 763 2600 817 momentum
2646 775 2723 816 eo

486 868 682 929 redire
727 867 1105 940 crediderim,
1151 871 1212 929 in
1256 888 1373 949 quo
1416 867 1643 928 Aeneas
1687 865 1914 946 Sylvius
1956 863 2180 941 posuit,
2238 864 2339 942 qui
2381 863 2722 941 Philippum

485 974 795 1036 Mediolani
838 976 1049 1037 ducem
1092 993 1221 1035 rem
1264 975 1635 1053 impedivisse
1676 978 1878 1034 narrat
1920 988 2080 1041 „non
2123 971 2281 1050 quod
2312 969 2547 1030 Venetis
2578 986 2720 1028 con-

486 1080 722 1152 suleret,
767 1081 871 1141 sed
915 1082 1073 1160 quod
1111 1080 1465 1143 Teutonicos
1507 1083 1722 1143 Ianuae
1764 1087 1983 1142 stantes
2026 1084 2332 1156 suspectos
2374 1075 2595 1146 habuit,
2641 1094 2724 1136 ne

484 1187 788 1247 traderent
828 1187 1041 1249 urbem
1083 1189 1452 1266 imperatori,
1507 1205 1949 1267 pauperemque
2001 1186 2197 1263 potius
2256 1183 2479 1246 habere
2522 1183 2719 1243 civita-

483 1299 605 1353 tem
647 1292 855 1364 voluit,
903 1311 1079 1371 quam
1122 1292 1353 1353 divitem
1397 1287 1769 1372 perdere“¹).
1838 1290 2207 1371 Quamquam
2251 1298 2309 1357 et
2350 1291 2503 1352 hanc
2548 1308 2719 1352 caus-

484 1417 609 1459 sam
653 1416 827 1459 suum
871 1398 1145 1460 habuisse
1189 1400 1464 1461 effectum
1507 1396 1813 1477 probabile
1858 1404 1962 1458 est.

656 1501 850 1572 Quum
894 1503 1039 1565 haec
1083 1504 1158 1564 de
1199 1496 1589 1565 incommodis
1645 1510 1704 1564 et
1754 1503 2214 1581 impedimentiS‚
2282 1523 2434 1582 quae
2485 1520 2742 1564 merca-‘¹

481 1615 650 1670 turae
679 1609 932 1670 Venetae
974 1610 1271 1670 interdum
1315 1608 1722 1679 occurrebant,
1770 1609 2257 1680 adnotaverimus
2301 1611 2419 1671 iam
2449 1610 2524 1670 de
2554 1629 2715 1670 com-

483 1713 674 1773 modis
730 1720 790 1774 et
844 1714 1195 1777 adiumentis
1247 1735 1483 1796 quoque
1538 1715 1931 1796 loquendum,
1998 1734 2148 1795 quae
2203 1718 2256 1777 ei
2321 1718 2712 1795 contigerunt.

483 1816 609 1887 Qua
653 1819 713 1877 in
756 1836 822 1879 re
865 1818 1019 1881 illius
1063 1821 1303 1891 „fontici
1345 1820 1885 1884 Theotonicorum“
1942 1823 2101 1902 quod
2156 1823 2564 1894 nominabant,
2639 1823 2716 1884 de

482 1942 599 2003 quo
644 1926 760 1986 iam
803 1925 914 2004 ipsi
958 1929 1191 2007 saepius
1233 1929 1594 1990 mentionem
1637 1929 1912 2001 fecimus„
1957 1932 2107 1992 ratio
2153 1936 2242 1992 est
2282 1930 2571 1992 habenda.

651 2030 842 2109 Supra
885 2032 1032 2103 iam,
1108 2034 1202 2095 cui
1255 2036 1343 2096 rei
1395 2034 1538 2095 illud
1594 2024 1787 2097 fuerit⁵
1823 2037 2205 2107 destinatum,
2273 2037 2466 2100 obiter
2509 2016 2711 2100 ‘innui-

479 2153 613 2197 mus
624 2133 688 2215 2).
777 2135 904 2198 Hoc
946 2138 1290 2219 priusquam
1333 2140 1577 2203 uberius
1619 2161 2050 2223 prosequamur
2095 2151 2154 2205 et
2204 2143 2365 2222 leges
2423 2146 2710 2207 instituta-

479 2261 622 2323 que,
681 2243 894 2323 quibus
938 2246 1114 2307 fuerit
1157 2246 1420 2306 ordinata
1479 2247 1626 2308 haec
1678 2247 1889 2307 domus
1940 2251 2319 2320 mercatoria,
2376 2249 2711 2328 singulatim

437 2358 919 2423 'recenseamUS,
979 2353 1052 2414 ad
1109 2355 1394 2432 originem
1449 2353 1564 2424 rei,
1632 2356 1826 2432 quoad
1880 2356 2008 2419 fieri
2060 2357 2302 2434 poterit,
2370 2358 2708 2436 regredien-

478 2457 618 2518 dum
664 2459 791 2519 erit.

646 2566 769 2627 Iam
813 2583 951 2628 vero
1000 2584 1069 2626 ex
1112 2567 1239 2643 ipsa
1282 2566 1371 2627 rei
1413 2572 1624 2628 natura
1660 2572 1855 2645 patet,
1900 2568 2236 2630 huiusmodi
2276 2569 2518 2631 domum
2549 2589 2581 2631 a
2612 2590 2706 2632 re-

474 2671 710 2749 publica
753 2672 971 2734 Veneta
1025 2690 1144 2733 non
1197 2674 1459 2751 potuisse
1508 2673 1757 2742 institui,
1813 2676 1925 2734 nisi
1974 2675 2223 2737 florente
2278 2676 2395 2738 iam
2438 2677 2708 2755 ampliori

475 2779 730 2857 quodam
774 2780 949 2840 modo
978 2780 1409 2840 Germanorum
1453 2780 1612 2858 apud
1633 2779 1884 2841 Venetos
1927 2787 2278 2842 mercatura.
2362 2783 2564 2863 Itaque
2606 2784 2710 2845 ubi

474 2886 935 2963 antiquissimam
985 2884 1139 2947 illius
1192 2888 1554 2948 mentionem
1606 2888 2029 2957 invenerimuS,
2093 2888 2224 2949 iure
2287 2888 2472 2950 multo
2539 2896 2707 2951 antea

474 2995 843 3052 mercaturae
871 2992 1192 3070 primordia
1222 2992 1529 3055 statuenda
1573 3000 1726 3053 sunt.
1793 2993 1915 3053 Iam
1957 3013 2098 3055 vero
2144 2996 2472 3056 communis
2515 2995 2709 3056 adhuc

475 3096 670 3174 opinio
716 3097 852 3167 fuit,
919 3098 1247 3160 institutum
1301 3118 1429 3160 esse
1485 3100 1770 3161 sonticum
1825 3118 1977 3161 anno
2035 3102 2193 3164 1268
2208 3097 2300 3183 3);⁷
2354 3100 2707 3162 credebatur

471 3202 586 3262 hoc
629 3200 837 3263 Marini
892 3205 1265 3275 auctoritate,
1332 3206 1432 3283 qui
1486 3223 1561 3267 ex
1610 3207 1753 3267 actis
1808 3206 2169 3269 Venetorum
2225 3210 2564 3271 commercii
2616 3209 2704 3269 hi-

611 3541 660 3606 l)
697 3542 918 3593 Aeneas
945 3542 1164 3607 Sylvius
1200 3544 1237 3594 1.
1264 3544 1302 3594 1.
1329 3546 1373 3596 1.
1403 3560 1532 3611 pag.
1559 3543 1643 3595 65.

604 3630 658 3696 2)
693 3632 968 3696 Bembo,
997 3634 1231 3684 historia
1254 3635 1473 3684 Veneta
1497 3634 1571 3683 11.
1598 3630 1717 3698 232‚
1766 3634 1906 3685 Erat
1937 3636 1997 3686 in
2032 3634 2397 3686 celeberrima
2433 3636 2585 3685 urbis
2617 3652 2703 3686 re-

468 3723 634 3788 gione
672 3723 742 3772 ad
776 3721 1152 3773 Rivumaltum
1186 3723 1375 3774 domus
1418 3724 1765 3789 reipublicae
1810 3724 2096 3790 perampla
2140 3740 2281 3791 quae
2328 3728 2635 3791 antiquitus
2670 3744 2706 3777 a

469 3814 763 3866 Germanis
798 3814 1198 3866 mercatoribus
1233 3812 1835 3877 incolieonsueverat3
1873 3814 1933 3864 in
1968 3829 2091 3863 eam
2123 3814 2209 3864 illi
2248 3816 2512 3881 cuiusque
2556 3817 2706 3867 modi

428 3899 443 3910 '
466 3919 572 3967 reS,
614 3919 750 3969 quas
777 3904 998 3969 quidem
1022 3903 1262 3953 vendere
1290 3908 1573 3969 cuperent,
1615 3903 1882 3955 advectas
1907 3904 2021 3955 suis
2047 3904 2118 3954 ab
2145 3905 2361 3970 oppidis
2384 3905 2707 3956 inferebant

468 3999 524 4045 et
550 3994 773 4044 civitati
808 3993 1070 4043 emendas
1104 3992 1513 4058 proponebant;
1554 4009 1910 4059 quascunque
1944 3995 2004 4044 in
2036 3994 2172 4045 urbe
2208 3995 2319 4059 ipsi
2354 3996 2699 4059 coemebant,

464 4090 526 4134 ut
560 4085 620 4133 in
655 4081 1013 4133 Germaniam
1047 4081 1446 4142 conveherent,
1489 4079 1680 4132 eodem
1716 4084 2121 4150 congerebant,
2161 4083 2341 4151 quoad
2388 4088 2574 4135 essent
2608 4083 2701 4134 de-

463 4174 787 4242 portandae.

599 4262 653 4332 3)
688 4262 1085 4326 Hiillmann,
1124 4262 1194 4315 D.
1224 4259 1607 4314 Stadtewesen
1641 4259 1685 4312 Ι.
1724 4259 1922 4328 ρ.·295.
