3049 5048
1568 271 1642 330 16

574 456 743 519 lestia
796 457 887 518 vel
944 455 1286 536 gravamen,
1349 439 1452 519 sed
1496 463 1705 537 pocius
1750 477 1885 520 cum
1940 457 2329 518 familiaritate
2387 464 2444 518 et
2487 458 2749 517 amicitia

574 565 634 624 in
676 560 913 624 'nostris
972 562 1331 623 districtibus
1388 565 1817 626 tractabuntur.
1865 566 1931 625 In
1978 566 2145 626 cuius
2189 564 2477 642 presentis
2520 564 2743 623 instru-

578 670 759 729 menti
805 667 1112 729 cautellam
1158 677 1215 729 et
1243 669 1418 729 fldem
1462 671 1742 731 iussimus
1788 670 1977 731 eidem
2022 669 2313 731 subscribi
2343 686 2452 747 per
2496 687 2742 729 manum

576 777 762 835 nostri
792 776 1003 835 notarii
1033 777 1186 836 infra
1218 777 1447 854 scripti,
1493 777 1808 855 ipsumque
1851 783 2053 836 nostra
2095 775 2255 837 bulla
2285 775 2561 854 plumbea
2590 793 2738 853 pen-

577 882 736 942 denti
783 883 1152 941 communiri.

797 987 922 1047 Dat.
957 988 1017 1047 in
1048 995 1252 1049 nostro
1283 986 1477 1048 ducali
1507 987 1734 1066 palacio
1767 988 1861 1048 die
1907 988 2135 1048 decimo
2179 987 2428 1066 septimo

969 1091 1213 1153 Octubr.
1261 1094 1520 1173 Septime
1565 1095 1745 1156 Indic.
1793 1093 1988 1154 MCCC
2033 1101 2284 1154 octavo..

747 1201 871 1278 Ego
917 1198 1147 1260 Marcus
1192 1200 1394 1261 Siboto
1437 1200 1731 1280 Imperiali
1775 1201 2121 1261 auctoritate
2165 1199 2427 1259 notarius
2471 1204 2528 1258 et
2559 1196 2736 1257 duca-

577 1315 673 1368 tus
729 1305 940 1366 Venec.
1000 1305 1193 1366 scriba
1248 1308 1529 1384 predictis
1586 1307 1857 1368 omnibus
1911 1307 2149 1368 interfui
2218 1312 2275 1366 et
2342 1305 2415 1366 de
2459 1303 2737 1364 mandato

580 1412 745 1492 pred.
794 1411 1013 1472 domini
1058 1411 1222 1471 ducis
1265 1410 1508 1475 illustris
1552 1434 1648 1475 me
1692 1414 2014 1492 subscripsi
2059 1413 2132 1474 de
2176 1414 2341 1490 signo
2387 1430 2519 1473 meo
2566 1409 2737 1470 solito

580 1518 879 1586 roboravi3
936 1517 1214 1594 predictis
1268 1535 1454 1589 anno,
1514 1519 1861 1590 indictione,
1919 1538 2122 1580 mense
2178 1526 2236 1580 et
2290 1518 2383 1578 die
2411 1517 2499 1603 *in
2544 1513 2738 1576 ducali

582 1626 805 1705 palacio
849 1641 1089 1693 venec.,·
1116 1625 1488 1700 presentibus
1534 1624 1829 1686 nobilibus
1871 1626 2009 1686 viris
2054 1625 2305 1685 dominis
2348 1623 2545 1684 Marco
2586 1622 2736 1683 Con-

583 1740 818 1801 tareno,
875 1730 1099 1790 Marino
1155 1730 1520 1801 Fuscareno‚
1579 1731 1807 1793 Thoma
1863 1731 2211 1802 Barbarico,
2276 1729 2516 1792 Nicolao
2585 1730 2741 1790 Zane

585 1846 640 1900 et
685 1838 917 1899 Andrea
960 1834 1236 1897 Marcello
1283 1835 1612 1897 consiliario
1660 1835 1728 1916 (is
1744 1838 1784 1917 ἲ)
1834 1841 1977 1900 eius,

671 2265 756 2325 Ex
801 2266 891 2325 his
934 2264 1110 2341 igitur
1156 2263 1524 2323 documentis
1570 2265 1945 2341 cognoscitur
1987 2270 2129 2325 tunc
2172 2266 2456 2343 temporis
2487 2266 2602 2325 iam
2632 2264 2737 2325 sso-

502 2375 692 2432 ruisse
735 2372 887 2430 inter
931 2369 1182 2430 Venetos
1227 2376 1285 2428 et
1329 2367 1726 2447 Augustenses
1771 2378 2195 2441 mercaturam,
2252 2373 2369 2432 imo
2426 2373 2551 2450 ipsa
2577 2371 2735 2432 alte-

503 2478 626 2538 rius
679 2475 857 2556 verba
913 2478 1253 2555 „antiquam
1312 2476 1625 2537 amicitiam
1662 2511 1731 2520 —
1770 2476 1986 2538 diutius
2042 2475 2450 2539 observatam“
2517 2478 2733 2540 diserte

501 2589 818 2652 testantur;
866 2601 1015 2660 quae
1059 2600 1178 2641 non
1223 2600 1422 2643 merae
1466 2577 1781 2672 urbanitati
1824 2584 2002 2645 tribui
2047 2603 2222 2662 posse
2268 2586 2554 2645 existimo.
2614 2584 2738 2644 Iam

502 2707 642 2749 vero
688 2678 1076 2766 discrepantia
1121 2689 1405 2766 quaedam
1452 2688 1709 2767 qualibet
1753 2690 1826 2751 de
1872 2709 2045 2751 causa
2077 2691 2204 2751 orta
2236 2698 2362 2751 erat
2378 2704 2399 2759 ;⁴
2438 2690 2569 2750 ideo
2614 2689 2730 2749 Au-

503 2801 808 2873 gustenses
853 2794 1210 2854 Venetorum
1254 2801 1652 2855 mercatorum
1683 2815 1780 2857 res
1808 2798 1868 2856 in
1899 2796 2148 2858 intinere
2179 2798 2551 2858 retinuerunt
2581 2795 2736 2872 apud

503 2902 726 2961 Fauces
773 2900 948 2977 (nunc
993 2899 1252 2971 Fussen,
1300 2901 1581 2979 oppidum
1626 2902 1698 2961 ad
1734 2902 1949 2963 ‘Licum
1994 2903 2360 2980 superiorem
2405 2920 2592 2981 prope
2636 2901 2731 2961 Ti-

504 3006 684 3067 roliae
730 3006 978 3066 confinia
1021 3007 1237 3087 situm),
1283 3006 1486 3069 Veneti
1532 3014 1735 3068 contra
1778 3006 2007 3067 talionis
2037 3008 2166 3069 iure
2196 3009 2286 3068 usi
2316 3006 2553 3068 illorum
2582 3024 2735 3067 mer-

507 3113 829 3183 catoribuS,
878 3112 975 3190 qui
1023 3112 1290 3173 Venetias
1333 3112 1640 3174 veniebant
1682 3131 1898 3172 novum
1941 3112 2226 3173 tributum
2260 3112 2619 3192 (tholoneum
2648 3111 2737 3172 vel

502 3216 820 3299 teloneum)
868 3219 1304 3296 imposuerunt,
1352 3237 1467 3296 quo
1513 3225 1571 3279 et
1615 3218 1825 3279 damna
1870 3218 1990 3277 suis
2034 3218 2187 3279 illata
2233 3226 2652 3297 repararentur
2683 3197 2740 3280 et

502 3324 584 3383 illi
630 3324 842 3385 cedere
888 3330 1258 3401 cogerentur.

672 3432 896 3508 Nempe
941 3429 1107 3489 solita
1151 3430 1297 3490 haec
1343 3437 1468 3491 erat
1509 3431 1688 3499 ratio,
1737 3449 1850 3508 qua
1894 3432 1954 3490 in
1998 3431 2333 3492 huiusmodi
2403 3431 2736 3509 discrepan-

502 3539 597 3611 tiis
641 3536 914 3598 sedandis
959 3536 1160 3602 Veneti
1204 3536 1551 3604 utebantur;
1598 3534 1819 3596 scilicet
1846 3556 1921 3597 ne
1952 3539 2189 3598 omnino
2232 3538 2570 3598 commercii
2600 3555 2735 3597 con-

505 3643 754 3703 suetudo
810 3642 1043 3720 saepius
1096 3642 1209 3702 hoc
1262 3642 1438 3703 modo
1484 3641 1853 3713 turbaretur,
1909 3643 2184 3722 prudenti
2240 3642 2494 3722 quadam
2538 3643 2736 3704 mode-

507 3750 732 3809 ratione
776 3748 860 3808 uti
905 3746 1229 3818 malebant,
1278 3766 1453 3827 quam
1496 3751 1613 3808 vim
1655 3749 1709 3807 vi
1754 3748 2111 3827 rependere;
2170 3750 2325 3810 unde
2381 3768 2737 3829 cognoscere

503 3853 667 3922 licet,
726 3859 1007 3931 quantum
1071 3860 1129 3913 et
1171 3855 1311 3931 ipsis
1356 3855 1649 3915 commodi
1696 3874 1763 3915 ex
1810 3855 2103 3932 frequenti
2146 3863 2542 3918 mercatorum
2600 3875 2735 3917 con-

507 3977 686 4019 cursu
739 3960 1049 4037 provenire
1103 3962 1420 4030 se11serint;
1487 3963 1684 4039 itaque
1750 3975 2027 4022 securum
2093 3959 2206 4019 illis
2276 3961 2496 4023 aditum
2568 3981 2735 4041 prae-

503 4064 753 4136 bebant,
823 4065 933 4125 hac
986 4072 1213 4126 tantum
1267 4067 1599 4127 conditione
1654 4074 1979 4135 reservata,
2037 4072 2103 4126 ut
2168 4065 2240 4126 ab
2307 4068 2433 4129 eius
2499 4070 2739 4130 civitatis

458 4201 467 4208 ν
506 4171 963 4242 mercatoribuS‚
1023 4191 1054 4232 a
1111 4191 1225 4250 qua
1267 4174 1542 4233 iniuriam
1587 4172 1839 4250 aliquam
1885 4171 1995 4232 sibi
2039 4172 2385 4233 videbantur
2431 4191 2559 4234 esse
2605 4192 2735 4252 per-

504 4278 689 4353 pessi,
736 4278 961 4338 maiora
1006 4278 1292 4357 quaedam
1337 4297 1405 4339 ac
1448 4278 1619 4356 plura
1664 4298 1839 4358 quam
1884 4297 1916 4339 a
1960 4278 2199 4358 reliquis
2254 4279 2554 4358 vectigalia
2621 4281 2735 4340 exi-
