3049 5048
1510 261 1678 324 30‘

436 454 509 514 ad
554 428 951 514 mercaturam
996 449 1317 528 spectantia
1361 448 1689 516 intuemur,
1737 463 1889 526 quae
1934 463 2004 505 ex
2048 443 2336 504 Friderici
2364 441 2444 502 111
2487 441 2673 517 impe-

435 562 649 620 ratoris
693 565 963 635 tempore
1010 557 1164 617 haud
1211 573 1344 614 rara
1390 558 1725 632 supersunt.
1815 551 1947 611 Non
1979 548 2274 609 dissimilis
2319 549 2475 609 enim
2520 545 2673 606 illius

434 666 582 724 ratio
628 665 766 733 fuit,
814 682 929 742 qua
973 665 1032 724 in
1077 661 1411 723 huiusmodi
1455 659 1780 738 procedere
1826 657 2083 725 solebat,
2131 655 2204 715 ab
2249 652 2346 713 illa
2391 671 2568 731 quam
2611 651 2673 710 in

439 771 615 829 totius
658 771 889 847 imperii
931 769 1113 830 rebus
1159 767 1474 828 tractandis
1519 764 1862 825 adhibebat.¹
1942 758 2295 822 Incredibile
2352 763 2567 838 quanta
2612 757 2671 815 in

436 875 549 935 illis
579 876 945 936 documentis
985 876 1311 935 inveniatur
1341 871 1740 949 vectigalium,
1788 858 2004 948 quanta
2034 866 2501 933 restrictionum,
2551 862 2669 940 pri-

439 980 782 1059 vilegiorum
828 983 1081 1042 cuiusvis
1125 981 1285 1043 modi
1332 978 1535 1054 copia;
1581 975 2042 1036 innumerabiles
2085 973 2183 1034 ille
2213 972 2470 1032 rationes
2513 970 2670 1030 inve-

438 1089 565 1148 nire
608 1087 862 1157 valebat,
910 1088 1124 1166 quibus
1153 1104 1251 1146 res
1296 1101 1501 1144 omnes
1532 1082 1605 1141 ad
1650 1099 1823 1141 suum
1869 1080 2245 1143 commodum
2277 1087 2336 1141 et
2377 1078 2450 1139 ad
2494 1096 2671 1155 pecu-

435 1196 561 1254 nias
614 1195 874 1272 undique
931 1190 1363 1269 extorquendas
1418 1195 1649 1249 vertere
1714 1186 1987 1247 studebat
2002 1184 2066 1268 ¹).
2176 1183 2523 1255 Huiusmodi
2576 1200 2672 1242 res

441 1320 796 1380 quamquam
851 1301 911 1359 in
970 1297 1095 1358 aliis
1140 1314 1375 1375 quoque
1419 1295 1595 1354 terris
1641 1300 1700 1353 et
1741 1292 2105 1371 principibus
2146 1293 2393 1352 inveniri
2434 1291 2672 1351 minime

442 1406 807 1483 negaverim,
853 1404 947 1465 vix
983 1410 1180 1463 tamen
1212 1419 1281 1462 eo
1312 1396 1887 1478 rapacitatismultos
1918 1416 2046 1459 esse
2089 1414 2440 1476 progressos
2485 1396 2671 1458 credi-

439 1513 646 1571 derim.
1689 1515 1693 1519 “

612 1613 888 1674 Omnium
933 1612 1200 1674 Austriae
1243 1610 1481 1671 urbium
1509 1610 1636 1690 ipsa
1667 1608 1884 1669 Vienna
1930 1627 2068 1669 mox
2112 1610 2334 1688 primas
2380 1610 2497 1686 egit
2538 1625 2671 1686 par-

442 1728 547 1781 tes,
636 1719 974 1796 Praecipuis
1004 1716 1317 1795 privilegiis
1348 1715 1483 1777 inde
1514 1734 1547 1774 a
1576 1715 1784 1792 primis
1826 1715 2195 1792 temporibus
2238 1717 2521 1775 instructa
2567 1720 2671 1784 est,

442 1846 592 1905 quae
635 1824 945 1903 postmodo
990 1823 1230 1883 fuerunt
1284 1820 1357 1880 ab
1416 1819 1690 1880 omnibus
1756 1821 1880 1880 fere
1924 1820 2289 1898 principibus
2335 1821 2673 1881 confirmata

444 1938 502 1991 et
546 1938 731 1991 aucta.
820 1929 927 1990 Rei
988 1929 1275 1988 rationem
1331 1926 1547 1986 intueri
1602 1925 1765 1995 licet,
1824 1944 2006 2004 quum
2064 1927 2124 1986 in
2179 1934 2375 1989 vetere
2421 1926 2673 2005 quodam

446 2036 813 2114 vectigalium
857 2034 1085 2103 indice,
1134 2033 1233 2111 qui
1278 2037 1579 2108 superest,
1624 2031 1923 2109 vectigalia
1955 2052 1987 2092 a
2018 2031 2444 2094 Viennensibus
2487 2032 2674 2093 soluta
2772 2058 2785 2071 .

443 2161 578 2202 cum
621 2140 733 2201 illis
765 2157 1207 2220 comparamuS,
1255 2155 1404 2215 quae
1450 2156 1482 2197 a
1527 2136 1768 2215 reliquis
1798 2138 2226 2199 mercatoribus
2271 2138 2672 2216 exigebantur.

444 2247 528 2306 Ita
575 2237 758 2325 esgr.
805 2247 865 2307 in
912 2245 1163 2324 quodam
1195 2243 1327 2303 loco
1373 2240 1601 2319 singula
1644 2239 1905 2319 plaustra
1936 2242 2203 2304 Venetias
2246 2245 2674 2323 proficiscentia

444 2352 891 2431 quibuscunque
935 2349 1232 2411 mercibus
1277 2355 1486 2408 onusta
1531 2346 1568 2405 2
1615 2348 1888 2408 denarios
1918 2348 2245 2420 solvebant,
2291 2351 2341 2411 si
2386 2351 2674 2412 Viennen-

443 2459 595 2518 sium
640 2464 832 2527 erant,
889 2456 961 2516 12
1009 2455 1314 2524 denari08‚
1374 2454 1423 2513 si
1481 2473 1553 2514 ex
1598 2454 1707 2515 alia
1751 2453 2016 2514 Austriae
2059 2455 2242 2527 urbe,
2287 2456 2382 2516 vel
2428 2475 2498 2518 ex
2544 2457 2672 2537 Sty-

442 2565 559 2633 ria,
607 2563 900 2624 Carinthia
943 2569 1052 2624 etc.
1098 2560 1521 2640 proveniebant
1536 2559 1602 2638 2).
1691 2561 1859 2622 Unde
1898 2562 2123 2641 reliqua
2153 2561 2416 2623 similiter
2459 2581 2524 2624 se
2568 2564 2669 2624 ha-

443 2669 641 2729 buisse
699 2667 1033 2729 concludas,
1122 2666 1188 2726 In
1231 2666 1357 2743 ipsa
1402 2672 1599 2728 autem
1643 2666 1792 2728 urbe
1821 2669 2131 2729 aemulatio
2164 2685 2340 2745 saepe
2370 2668 2481 2729 fuit
2520 2669 2675 2729 inter

443 2791 687 2851 magnos
730 2779 1091 2839 mercatores
1137 2770 1484 2853 (Kausseute)
1534 2779 1592 2832 et
1636 2791 1765 2843 eos,
1823 2775 1923 2852 qui
1967 2774 2265 2842 minutiori
2307 2783 2674 2836 mercaturae

443 2877 756 2940 studebant
802 2879 1125 2959 (Kramer);
1173 2879 1390 2958 quippe
1432 2878 1516 2938 illi
1546 2879 1685 2939 solis
1729 2880 1840 2940 sibi
1882 2879 2059 2942 licere
2105 2880 2536 2941 contendebant
2564 2880 2671 2942 Ve-

443 2985 629 3044 netias
673 2984 965 3062 proficisci
1009 3003 1355 3064 mercesque
1398 2985 1536 3044 inde
1578 2990 1813 3062 petere;
1865 2986 2062 3065 itaque
2106 3005 2156 3046 a.
2210 2986 2371 3048 1432
2418 2988 2672 3048 edictum

442 3091 577 3158 fuit,
624 3108 698 3150 ne
743 3097 1103 3152 mercatores
1147 3092 1353 3153 minuti
1399 3091 1621 3150 directe
1665 3110 1800 3151 cum
1852 3090 2085 3151 Venetis
2139 3093 2577 3170 negotiarentur
2594 3090 2672 3174 3);

447 3204 583 3273 post
637 3197 738 3258 ubi
795 3198 970 3257 nimis
1024 3198 1138 3258 hoc
1181 3196 1496 3260 molestum
1555 3198 1862 3260 videbatur
1919 3200 2328 3278 merciumque
2371 3200 2558 3277 pretia
2605 3217 2675 3258 eo

534 3453 541 3454 ἶ
603 3467 655 3533 1)
713 3468 983 3535 Exempla
1052 3469 1247 3533 quibus
1314 3469 1458 3517 haec
1528 3469 1810 3518 sententia
1878 3469 2107 3520 fulcitur
2173 3472 2524 3535 reperiuntur
2582 3487 2668 3536 ap.

443 3557 676 3609 Chmel
710 3557 1070 3608 Materialien
1105 3574 1151 3607 z.
1182 3559 1441 3609 ostreieh.
1482 3558 1682 3610 Gesch.
1724 3564 1779 3609 et
1813 3558 1971 3624 plura
1997 3562 2204 3623 passim
2232 3560 2375 3625 apud
2412 3561 2669 3610 eundemt

440 3646 696 3714 Ausziige
733 3661 834 3698 aus
871 3648 1051 3696 einem
1087 3647 1431 3712 Copialbuch
1466 3650 1786 3701 Friedrichs
1820 3648 1923 3698 III.
1962 3650 2019 3697 in
2053 3676 2118 3685 —
2142 3649 2527 3701 Notizenblatt
2550 3665 2672 3699 zum

442 3736 650 3789 Archiv
693 3738 732 3787 f.
773 3722 837 3787 ὁ.
879 3736 943 3786 e.
982 3737 1047 3798 Q.
1087 3736 1236 3787 1852.
1276 3737 1425 3790 1853.

599 3826 652 3889 2)
698 3827 946 3876 Iudicem
995 3824 1113 3877 fere
1163 3828 1343 3878 medio
1387 3829 1503 3879 XV.
1546 3828 1773 3879 saeculo
1823 3832 2153 3895 conceptum
2199 3831 2309 3880 vid.
2371 3845 2458 3896 ap.
2495 3831 2671 3881 Kurz

440 3914 476 3964 l.
514 3913 551 3964 l.
588 3912 836 3980 Beylage
870 3917 1024 3966 LIII.

600 4002 653 4067 3)
701 4005 842 4055 Item
889 4021 947 4056 es
982 4006 1159 4056 sollen
1195 4001 1350 4057 auch*
1374 4007 1463 4056 die
1489 4007 1713 4057 kramer
1746 4009 1902 4059 nicht
1927 4025 2035 4074 gen
2060 4010 2302 4075 venedig
2326 4025 2524 4071 varen,
2563 4009 2670 4058 rei-

441 4098 565 4156 ten,
612 4094 754 4144 noch
791 4095 1061 4145 schicken
1093 4095 1239 4145 nach
1273 4096 1761 4158 kaufmanschatz,
1806 4099 2008 4149 sunder
2040 4115 2144 4149 nur
2176 4099 2333 4150 solbe
2378 4125 2445 4134 —
2491 4127 2558 4135 —
2604 4126 2670 4134 —

440 4185 532 4233 hie
570 4201 637 4234 zu
671 4186 852 4235 wienn
895 4184 1122 4234 kauffen
1166 4185 1278 4233 und
1320 4202 1428 4236 von
1464 4186 1571 4235 den
1615 4186 1963 4240 kauffleuten
2007 4190 2098 4240 die
2143 4190 2236 4239 hie
2271 4188 2454 4239 Recht
2486 4188 2672 4238 haben

441 4275 538 4324 hin
572 4290 642 4326 zu
677 4276 877 4341 gehen.
949 4275 1126 4325 Kurz
1164 4274 1201 4325 l.
1239 4274 1276 4325 l.
1312 4291 1441 4341 pag.
1479 4273 1598 4326 403.
