3049 5048
1424 267 1461 324 9

329 472 443 531 que
488 452 908 530 proveniebant
952 453 1330 513 mercimonia
1375 458 1534 512 terra
1578 454 1796 539 marive
1830 451 2204 513 confluebant
2235 460 2292 513 et
2321 472 2559 514 venum-

328 557 646 626 dabantur,
694 557 810 618 huc
857 578 927 618 ex
972 560 1243 639 Europae
1287 546 1631 639 regionibus
1687 562 2022 639 quicunque
2072 567 2171 619 aut
2215 562 2563 638 navigationi

330 670 429 724 aut
464 665 728 724 terrestri
772 672 1140 726 mercaturae
1184 665 1526 736 studebant,
1574 665 2006 726 concurrebant
2049 672 2107 725 et
2148 683 2376 726 merces
2429 667 2566 726 hinc

330 771 538 848 petitas
581 788 689 848 per
735 789 947 833 omnes
992 771 1308 833 occidentis
1349 779 1541 845 terras
1586 769 1975 849 divulgabant.
2011 766 2053 848 1)
2112 771 2260 831 Hinc
2313 773 2373 831 in
2418 773 2563 832 Ger-

329 879 582 937 maniam
626 878 860 938 duobus
903 880 1251 956 praesertim
1295 878 1601 939 itineribus
1645 895 1875 938 merces
1943 876 2326 937 vehebantur.
2412 878 2584 938 Tum¹

333 985 488 1044 enim
543 985 869 1046 secundum
924 983 1174 1044 Danubii
1229 1003 1466 1045 cursum
1520 987 1581 1043 in
1640 991 1826 1044 terras
1871 985 2007 1044 huic
2051 983 2266 1043 vicinas
2308 985 2569 1059 primum

334 1089 533 1158 Avari,
592 1078 743 1150 dein*
781 1089 1048 1169 Bulgari‚
1104 1098 1406 1169 postremo
1463 1090 1683 1168 Ungari
1740 1108 1837 1150 eas
1878 1087 2384 1166 transportabant;
2443 1095 2566 1149 tum

332 1214 473 1254 vero
518 1214 654 1256 mox
699 1195 825 1256 Itali
867 1198 1232 1275 navigatores
1276 1196 1349 1256 ad
1379 1213 1518 1254 suos
1547 1201 1755 1273 portus
1786 1212 1855 1254 ex
1888 1193 2384 1272 Constantinopoli
2414 1214 2570 1255 mer-

335 1320 434 1362 ces
476 1302 795 1373 vehebant,
842 1302 1002 1362 unde
1034 1301 1291 1362 ulterius
1322 1321 1420 1363 eas
1463 1304 1523 1361 in
1569 1302 1942 1362 Germaniam
1986 1301 2100 1360 iam
2145 1280 2242 1359 lx'
2269 1305 2326 1359 et
2363 1298 2414 1357 X
2446 1318 2570 1360 sae·

336 1406 468 1467 culo
515 1407 693 1467 fuisse
735 1415 995 1485 portatas
1039 1427 1217 1487 supra
1260 1408 1527 1468 vidimus

509 1512 632 1573 Iam
671 1532 812 1574 vero
857 1534 1060 1577 sacrae
1104 1514 1264 1586 illae,
1311 1514 1384 1575 de
1431 1513 1645 1592 quibus
1689 1531 1826 1572 mox
1872 1519 2038 1573 antea
2084 1512 2444 1572 mentionem
2490 1513 2572 1573 fe-

338 1620 525 1680 cimus
541 1621 937 1698 expeditiones
953 1639 1232 1699 magnum
1262 1610 1631 1682 mercaturae
1644 1621 1906 1698 vigorem
1920 1617 2273 1680 addiderunt
2284 1620 2574 1698 simulque

338 1726 463 1786 viae
508 1726 652 1787 aliae
698 1734 755 1788 et
798 1746 946 1788 nova
992 1728 1277 1806 quaedam
1325 1729 1585 1806 emporia
1630 1724 1968 1805 praevalere
2014 1731 2354 1802 coeperunt.
2408 1725 2576 1785 Tunc

342 1833 495 1892 enim
551 1834 808 1910 primum
864 1833 988 1894 Itali
1046 1841 1405 1895 mercatores
1470 1835 1629 1911 ipsos
1685 1833 1886 1912 Syriae
1942 1832 2304 1911 Aegyptique
2372 1838 2577 1908 portus

341 1939 503 1999 adire
548 1945 606 2000 et
650 1959 716 2000 ea
761 1940 896 2000 inde
941 1946 1143 2018 petere
1190 1947 1647 2010 consueverunt,
1706 1958 1855 2018 quae
1911 1937 2100 2016 longis
2157 1944 2326 1997 antea
2380 1936 2576 1997 amba-

341 2044 512 2123 gibus
557 2063 588 2104 e
635 2045 1132 2124 Constantinopoli
1175 2046 1496 2124 petierant;
1545 2064 1773 2106 summa
1818 2063 1925 2123 per
1965 2051 2152 2104 totum
2182 2042 2298 2104 hoc
2328 2045 2578 2121 spatium

342 2149 403 2208 in
448 2149 721 2210 omnibus
764 2150 1174 2214 Mediterranei
1218 2151 1485 2231 partibus
1529 2160 1929 2212 mercatorum
1971 2151 2193 2210 navitas
2225 2151 2580 2226 conspicitur

346 2262 404 2315 et
446 2255 759 2326 industria;
806 2257 963 2318 haud
1010 2260 1216 2337 exigua
1260 2259 1495 2320 illorum
1527 2258 1587 2318 in
1617 2258 1798 2319 rebus
1829 2257 2100 2337 gerendis
2132 2274 2341 2334 opera,
2388 2275 2581 2333 neque

345 2362 573 2420 minora
618 2380 685 2422 ea
730 2363 1064 2435 commoda,
1113 2385 1263 2443 quae
1308 2365 1488 2427 rebus
1533 2364 1779 2425 feliciter
1824 2363 1967 2423 actis
2023 2361 2133 2421 sibi
2188 2361 2577 2439 postulabant.

272 2552 287 2558 -
345 2468 450 2550 His
493 2465 674 2529 rebus
719 2468 956 2540 accidit,
1002 2477 1067 2531 ut
1110 2490 1318 2551 magna
1364 2472 1460 2534 illa
1504 2474 1565 2533 in
1609 2491 1675 2533 re
1720 2468 2068 2532 mercatoria
2101 2467 2435 2537 auctoritaS,
2469 2485 2612 2545 quas

347 2557 499 2635 olim
543 2574 1074 2654 Constantinopolis
1128 2579 1346 2648 fuerat,
1407 2580 1595 2657 magis
1638 2579 1941 2655 magisque
1987 2575 2059 2635 ad
2104 2573 2245 2634 alias
2289 2575 2405 2633 iam
2450 2574 2584 2633 civi-

345 2687 494 2741 tates
538 2682 831 2742 transiret.
915 2683 1049 2743 Mox
1092 2683 1295 2746 Veneti
1341 2692 1400 2747 et
1443 2686 1787 2746 Genuenses
1834 2682 1916 2762 (ut
1960 2681 2105 2743 alios
2147 2679 2392 2760 taceam)
2426 2698 2584 2739 sum-

346 2806 504 2848 mam
548 2794 916 2850 mercaturae
960 2792 1352 2871 acquisierant
1395 2798 1453 2852 et
1495 2797 1702 2852 mutuo
1750 2790 1900 2848 inter
1946 2806 2010 2848 se
2056 2787 2377 2846 certamine
2435 2784 2584 2844 obti-

347 2891 584 2954 nebant.
647 2894 859 2955 Secuta
889 2903 978 2956 est
1020 2897 1253 2974 imperii
1283 2897 1588 2978 Byzantini
1619 2897 1790 2957 ruina
1822 2911 1956 2953 cum
1986 2910 2199 2970 magno
2230 2890 2585 2951 Venetorum

349 3008 717 3062 mercaturae
770 3002 1163 3071 incremento;
1219 3010 1354 3082 post
1408 3004 1566 3065 idem
1626 3000 2027 3062 Genuensium
2081 2998 2292 3058 invidia
2350 2997 2584 3057 restitu-

351 3114 479 3168 tum
532 3107 696 3166 novis
753 3107 906 3168 hanc
961 3108 1248 3168 civitatem
1308 3107 1634 3167 commodis
1692 3107 1867 3166 auxit.
1957 3101 2165 3181 Magna
2232 3100 2368 3160 inde
2439 3100 2592 3158 inter

353 3219 664 3292 utramque
719 3213 1005 3274 civitatem
1059 3212 1212 3273 bella
1268 3213 1568 3282 oriuntur;
1639 3213 1783 3273 varii
1858 3209 2242 3270 certaminum
2318 3211 2589 3273 eventus;

352 3325 608 3380 attamen
651 3335 881 3379 summa
927 3326 1295 3380 mercaturae
1340 3320 1495 3398 apud
1544 3319 1782 3380 eosdem
1826 3321 2110 3377 remanet.

522 3423 644 3483 Iam
687 3425 894 3503 igitur,
941 3431 1006 3485 ut
1049 3425 1121 3485 ad
1167 3424 1418 3485 Venetos
1462 3426 1804 3495 redeamuS‚
1865 3423 2000 3484 inde
2045 3421 2117 3481 ab
2164 3418 2278 3478 hoc
2321 3423 2591 3493 tempore·

355 3529 571 3588 mirum
628 3537 911 3607 quantum
965 3531 1119 3609 apud
1166 3551 1266 3592 eos
1310 3533 1526 3593 florere
1583 3531 1935 3591 commercia
1988 3524 2342 3605 inceperint,
2397 3523 2472 3581 ita
2531 3526 2598 3580 ut

356 3653 464 3713 per
506 3634 748 3714 longum
793 3641 1075 3717 temporis
1119 3641 1371 3717 spatium
1416 3638 1725 3716 proprium
1770 3636 2026 3697 universi
2070 3632 2232 3693 orbis
2270 3629 2598 3706 emporium

358 3742 629 3804 Venetiae
685 3743 965 3821 appellari
1019 3752 1277 3824 possent.
1367 3744 1581 3821 Ingens
1638 3743 1926 3802 mercium
1991 3742 2439 3817 importatarum
2512 3736 2598 3793 vis

358 3848 608 3909 similem
653 3852 1117 3928 exportationem
1160 3850 1497 3912 necessario
1545 3847 1751 3917 efficit3
1798 3865 1936 3907 mox
1980 3847 2157 3924 igitur
2199 3862 2420 3904 omnes
2478 3841 2598 3902 Me-

362 3954 677 4015 diterranei
742 3963 952 4033 portus
1016 3957 1382 4036 navigatores
1446 3962 1683 4016 nostros
1750 3952 1912 4012 adire
1977 3952 2304 4020 cernimus;
2361 3950 2599 4009 ineunte

505 4281 553 4346 1)
577 4281 972 4341 Hiillmann,
1003 4278 1203 4330 Gesch.
1231 4279 1329 4330 des
1354 4279 1640 4344 byzantin.
1666 4276 1916 4328 Handels
1940 4290 2069 4341 pag.
2095 4271 2161 4323 73
2186 4286 2302 4337 seq.
