3049 5048
1514 289 1595 350 34

523 477 904 553 bonensegna
946 474 1103 536 fideli
1147 482 1349 536 nostro
1396 475 1710 536 exhibitori
1753 473 2126 554 presencium
2172 482 2231 536 et
2274 473 2480 536 nuntio
2531 472 2671 535 dicti

523 583 711 642 nostri
752 580 940 642 fidelis
982 579 1123 641 illuc
1166 581 1467 642 accedenti
1522 583 1867 660 nuperrime
1891 574 1894 575 ⁷
1922 598 2032 660 pro
2090 579 2431 658 accipiendo
2485 577 2668 639 faldo-

523 704 666 746 num
712 687 964 748 eundem
1007 687 1246 747 nomine
1288 688 1539 764 predicti
1582 688 1868 749 Johannis
1913 696 1971 748 et
2026 707 2131 750 sue
2188 686 2511 756 societatiS‚
2574 704 2668 746 ve-

524 810 730 853 rorum
776 793 1150 855 dominorum
1193 796 1393 872 ipsius,
1441 794 1716 873 dignetur
1756 794 2029 855 maiestas
2061 793 2245 872 Regia
2286 792 2669 871 impedimen·

524 904 650 958 tum
696 897 996 976 quodlibet
1037 901 1231 963 facere
1273 901 1565 962 removeri
1610 906 1718 960 etc.
1767 906 1876 960 etc.

611 1003 761 1064 Hinc
801 1005 978 1082 igitur
1011 1011 1198 1083 patet,
1246 1024 1398 1067 anno
1430 1004 1831 1084 suprascripto
1860 1005 1977 1064 iam
2007 1003 2155 1064 adeo
2185 1004 2464 1065 usitatum
2493 1003 2671 1063 fuisse

441 1110 866 1171 mercatoribus
908 1110 1142 1172 Venetis
1186 1113 1408 1173 directe
1454 1130 1587 1173 cum
1631 1109 1913 1172 Bohemia
1956 1110 2276 1186 negotiari,
2323 1114 2389 1169 ut
2433 1107 2671 1186 quidam

442 1217 617 1278 etiam
662 1216 1020 1278 domicilium
1066 1217 1182 1277 illic
1227 1223 1522 1295 caperent.
1600 1216 1660 1277 Si
1700 1202 1879 1275 locus⁸
1911 1214 2082 1274 datur
2113 1214 2485 1294 conjecturae
2514 1212 2672 1289 unici

440 1340 581 1384 sane
627 1322 893 1384 vocabuli
936 1325 1281 1384 auctoritate
1325 1326 1523 1393 nixae,
1579 1323 1820 1383 domum
1876 1321 2170 1399 quandam
2214 1320 2388 1381 ltalos
2444 1339 2669 1382 merca-

438 1435 599 1489 tores
628 1428 852 1505 Pragae
896 1425 1034 1487 olim
1077 1427 1352 1490 habuisse
1398 1429 1752 1510 conjecerim
1781 1426 1892 1486 illis
1924 1426 2305 1497 consimilem,
2352 1445 2497 1506 quas
2526 1427 2670 1486 han-

440 1534 642 1594 seatici
685 1534 1080 1611 negotiatores
1124 1533 1400 1605 Londini,
1446 1535 1795 1612 Antverpiae
1841 1540 1898 1594 et
1942 1532 2111 1603 alias,
2174 1533 2509 1594 Germanici
2558 1530 2671 1592 Ve—

440 1638 611 1698 netiis
674 1637 987 1700 habebant.
1096 1640 1164 1701 In
1234 1641 1590 1702 documento
1655 1640 1791 1699 anni
1852 1638 2013 1700 1348
2071 1638 2405 1699 huiusmodi
2461 1638 2673 1698 domus

441 1753 966 1806 commemoratur:
1009 1746 1423 1817 ,‚dasHaws
1466 1747 1544 1807 in
1589 1745 1716 1807 der
1758 1762 2146 1825 wenyczen
2177 1744 2333 1805 Stat
2375 1763 2458 1805 zu
2487 1744 2673 1823 Prag

443 1850 566 1910 das
609 1868 767 1911 man
811 1860 1085 1914 nennet
1140 1853 1269 1914 der
1310 1850 1819 1920 Walhenhoff,
1876 1851 2006 1912 das
2064 1852 2151 1921 do
2211 1850 2520 1929 gelegen
2572 1851 2674 1911 ist

441 1973 525 2015 an
581 1956 709 2017 der
765 1956 1103 2020 Brucken
1159 1958 1289 2019 der
1341 1955 1734 2035 Multau.“¹)
1821 1958 1946 2018 Iam
2010 1976 2149 2019 vero
2216 1957 2369 2019 hanc
2434 1975 2672 2017 vocem:

442 2061 628 2132 „der
671 2060 1187 2124 Walhenhoff“
1252 2062 1301 2123 si
1345 2064 1475 2141 quis
1519 2063 1895 2140 interpretari
1948 2061 2225 2133 voluerit,
2280 2064 2390 2124 ista
2442 2063 2672 2122 ratione

441 2167 714 2230 facillime
769 2169 896 2230 fieri
948 2187 1123 2246 posse
1180 2169 1474 2237 existimo;
1541 2169 1887 2230 vertendum
1942 2175 2137 2230 autem
2197 2169 2323 2231 fere
2378 2176 2532 2231 esset
2598 2168 2670 2230 ad

443 2276 639 2336 coaevi
683 2275 972 2336 sermonis
1015 2273 1174 2335 latini
1218 2292 1484 2334 normam
1534 2275 1944 2344 „sonticum
1987 2274 2419 2346 Italorum“,
2467 2294 2672 2355 quem-

444 2381 763 2442 admodum
807 2382 1160 2442 sonticum
1204 2381 1706 2442 Theotonicorum
1761 2381 1917 2459 apud
1961 2380 2212 2443 Venetos
2269 2381 2666 2463 cognovimus,

612 2486 743 2549 Non
798 2488 1009 2550 desunt
1060 2504 1200 2547 vero
1254 2482 1376 2547 alia
1418 2485 1800 2557 documenta,
1870 2487 2083 2566 quibus
2133 2493 2501 2550 mercaturae
2555 2485 2669 2551 Bo-

352 2585 356 2594 ’
442 2594 900 2657 hemo-Venetae
942 2592 1292 2676 *frequentia
1355 2591 1670 2668 probatur,
1746 2611 1894 2671 quae
1947 2593 2164 2654 Karolo
2228 2594 2319 2654 IV.
2389 2600 2671 2672 regnante

441 2701 823 2777 praecipuum
869 2698 1244 2776 splendorem
1286 2696 1516 2758 videtur
1557 2706 1822 2759 assecuta
1864 2717 1992 2759 esse
2004 2697 2071 2780 2).
2137 2683 2392 2761 ΒοΙίῐιιΠι
2420 2702 2534 2762 iter
2562 2719 2672 2779 per

445 2804 740 2864 Austriam
772 2805 879 2864 fuit
907 2805 967 2862 in
1012 2804 1178 2864 cuius
1224 2802 1411 2881 capite
1440 2801 1662 2864 Vienna
1707 2823 1936 2867 merces
1981 2825 2052 2867 ex
2094 2808 2332 2887 antiquo
2364 2804 2667 2885 privilegio

439 2927 549 2988 per
603 2908 836 2988 aliquod
890 2917 1126 2987 tempus
1183 2915 1349 2970 erant
1402 2888 1840 2991 deponenda3);
1895 2913 2018 2972 veri
2075 2912 2261 2973 simile
2291 2916 2507 2984 [autem
2563 2917 2669 2981 est,

441 3013 595 3075 aliud
651 3033 886 3093 quoque
940 3016 1080 3083 iter,
1147 3033 1264 3091 quo
1320 3014 1771 3095 Norimbergam
1833 3016 1924 3077 vel
1977 3017 2358 3079 Ratisbonam
2425 3020 2669 3096 attinge·
2744 3045 2748 3050 ·

440 3121 599 3191 bant,
647 3140 679 3181 a
721 3121 1150 3182 mercatoribus
1179 3120 1575 3199 pragensibus
1619 3141 1739 3183 non
1783 3122 1962 3183 fuisse
2008 3124 2324 3186 desertum.
2395 3123 2667 3186 Celeber-

439 3230 655 3289 rimum
712 3235 907 3289 autem
963 3234 1049 3287 est
1091 3226 1291 3287 Karoli
1339 3222 1428 3285 lV.
1487 3225 1631 3286 illud
1686 3227 2022 3298 consilium,
2091 3248 2207 3308 quo
2273 3248 2547 3308 magnam
2613 3235 2672 3288 et
2733 3269 2739 3288 .

441 3332 854 3394 cohaerentem
899 3338 1293 3393 mercaturam
1339 3332 1694 3392 constituere
1738 3332 2029 3403 tentabat,
2076 3353 2226 3413 quae
2270 3354 2304 3395 a
2333 3335 2520 3394 Ponto
2552 3335 2667 3395 Eu-

441 3438 576 3496 xino
635 3445 693 3498 et
746 3458 779 3498 a
837 3440 967 3498 sinu
1012 3438 1303 3498 Adriatico
1359 3453 1548 3514 usque
1606 3437 1678 3496 ad
1723 3456 1886 3499 mare
1930 3439 2384 3516 septentrionale
2430 3448 2487 3501 et
2542 3440 2667 3501 bal-

438 3543 620 3602 ticum
664 3559 820 3603 nexu
866 3543 1140 3605 continuo
1184 3549 1413 3621 pateret
1467 3549 1527 3604 et
1571 3544 1901 3605 universam
1957 3545 2082 3607 fere
2137 3553 2532 3608 mercaturam
2592 3546 2665 3607 ab

577 3844 627 3909 1)
662 3846 934 3908 Pelzel,
984 3846 1188 3897 Kaiser
1223 3846 1358 3896 Kar]
1393 3847 1489 3897 IV.
1527 3846 1647 3896 Vol.
1676 3847 1720 3897 Ι.
1771 3847 2226 3899 Urkundenbuch
2249 3849 2394 3900 LVI.
2422 3866 2551 3916 pag.
2578 3849 2662 3900 67.

438 3933 695 3983 Ceterum
718 3935 844 3984 vide
871 3936 939 3985 de
964 3952 1101 3986 voce
1127 3935 1445 3998 „Walhen“
1469 3936 1774 3987 Hiillmann
1798 3938 1833 3987 1.
1859 3938 1897 3988 l.
1913 3939 1967 3991 Ἰ.
1997 3927 2049 4003 Ρ.
2075 3937 2176 3989 235
2201 3954 2279 4003 sq.

572 4022 624 4086 2)
658 4007 820 4073 Peiz
837 4023 897 4073 ei
934 4023 969 4072 1.
997 4023 1034 4073 1.
1059 4024 1135 4073 -11.
1162 4024 1617 4075 Urkundenbuch
1642 4041 1769 4092 pag.
1798 4025 1916 4077 237.
1943 4026 2060 4079 336.
2089 4027 2206 4079 337.
2232 4027 2349 4080 367.

571 4109 624 4176 3)
663 4113 1065 4162 Documentum
1089 4112 1306 4162 Alberti
1330 4114 1590 4164 Austriae
1617 4115 1802 4179 duciS,
1834 4117 1927 4181 qui
1961 4133 2061 4182 per
2092 4118 2127 4166 4
2165 4133 2338 4168 annos
2362 4118 2663 4170 Bohemiae

438 4204 773 4250 mercatores
799 4202 869 4250 ab
896 4201 1003 4250 isto
1028 4201 1326 4266 privilegio
1351 4201 1616 4254 liberavit
1639 4204 1826 4254 Pelzel
1851 4183 2662 4260 l.l.11.Urk.Nu1i1.OCOV111.

437 4288 596 4338 Conf.
622 4289 1006 4340 Notizenblatt
1027 4306 1075 4340 z.
1101 4291 1309 4342 Archiv
1334 4291 1373 4342 f.
1401 4292 1466 4343 Ο.
1496 4292 1561 4343 G.
1591 4294 1656 4355 Q.
1687 4291 1834 4344 1853.
1871 4311 1924 4360 Ρ.
1951 4292 2068 4344 310.
