3049 5048
1409 261 1484 319 13

334 445 857 508 Ratisbonensibus
901 447 1130 524 primus
1172 447 1233 505 in
1279 447 1495 508 sontico
1528 446 1693 508 locus
1738 468 1770 509 a
1812 448 2047 510 Venetis
2078 456 2204 510 erat
2235 469 2567 522 concessuS,

332 554 446 614 iam
504 555 741 614 ineunte
796 553 929 616 XIII
986 553 1221 614 saeculo
1279 553 1371 633 (eo
1429 555 1585 615 enim
1639 561 1908 633 tempore
1953 555 2042 616 vel
2084 558 2259 633 paulo
2305 568 2438 620 ante
2483 562 2569 621 in·

332 657 596 720 stitutum
654 679 782 721 esse
839 662 1122 722 sonticum
1178 662 1424 743 videtur)
1472 680 1592 721 non
1638 660 1827 722 solum
1873 661 2242 740 frequentem
2287 684 2421 726 cum
2460 665 2572 726 illis

333 783 434 825 eos
478 766 754 828 habuisse
798 774 1156 837 mercatum,
1202 787 1407 829 verum
1454 769 1629 828 etiam
1669 765 1908 844 reliquis
1941 767 2264 830 civitatibus
2294 772 2568 851 frequen-

328 872 539 933 tiorem
598 880 1057 934 consentaneum
1113 881 1217 933 est.
1307 875 1509 953 ltaque
1565 891 1771 933 verum
1817 890 1944 932 esse
1988 880 2211 951 potest,
2259 877 2416 954 quod
2461 879 2571 956 ipsi

332 978 404 1039 de
462 997 526 1040 se
582 980 1036 1057 praedicabant,
1090 981 1206 1040 iam
1262 980 1400 1040 inde
1457 980 1530 1039 ab
1579 977 1841 1039 eiusdem
1885 979 2100 1040 saeculi
2146 981 2307 1040 initio
2353 1001 2416 1042 se
2462 984 2569 1044 Ve-

331 1091 533 1145 netum
577 1086 689 1146 iter
733 1093 1018 1157 tentasse:
1067 1088 1223 1166 quod
1272 1093 1467 1147 autem
1512 1087 1572 1145 in
1616 1086 1820 1163 paucis
1864 1085 2038 1146 huius
2082 1089 2366 1165 temporis
2423 1107 2572 1168 quae

332 1198 561 1251 exstant
605 1193 972 1255 documentis
1015 1193 1357 1253 nominatim
1412 1209 1532 1251 non
1575 1191 1978 1262 inveniuntur,
2033 1194 2251 1254 mirum
2304 1212 2424 1254 non
2487 1203 2574 1256 est

332 1305 679 1375 propterea,
740 1300 897 1378 quod
950 1302 1011 1360 in
1068 1300 1212 1360 actis
1268 1298 1696 1377 antiquioribus
1757 1298 2107 1378 plerumque
2161 1317 2272 1359 nec
2328 1299 2573 1362 aliarum

338 1405 632 1466 civitatum
686 1408 924 1467 nomina
982 1406 1288 1484 leguntur3
1347 1406 1617 1465 universe
1675 1405 1831 1465 enim
1875 1411 2275 1474 „mercatores
2318 1406 2573 1467 Theoto-

334 1508 509 1578 nici“‚
558 1509 646 1570 vel
690 1520 1092 1580 „mercatores
1137 1512 1375 1574 sontici“
1423 1510 1705 1590 appellari
1749 1509 1956 1570 solent.
2047 1511 2251 1588 Neque
2293 1513 2410 1573 iam
2452 1515 2575 1575 veri

334 1613 509 1673 fuerit
564 1615 872 1688 dissimile,
930 1617 1162 1679 saeculo
1216 1616 1324 1701 XII
1381 1624 1437 1678 et
1493 1615 1627 1676 XIII
1682 1617 2029 1694 praesertim
2075 1635 2354 1696 magnum
2398 1620 2576 1681 fuisse

335 1720 489 1796 apud
559 1721 813 1783 Venetos
870 1723 1387 1784 Ratisbonensium
1454 1723 1905 1791 commercium;
1942 1719 1983 1801 1)
2060 1730 2193 1800 post
2263 1724 2366 1786 ubi
2431 1725 2575 1787 aliae

336 1824 611 1896 civitateS,
657 1827 815 1890 velut
859 1830 1118 1908 Augusta
1151 1837 1208 1891 et
1237 1829 1629 1906 Norimberga
1673 1846 1965 1889 summam
2010 1837 2378 1891 mercaturae
2408 1831 2481 1892 ad
2512 1851 2577 1892 se

333 1938 668 2004 traxerunt,
708 1935 906 1996 rarior
937 1936 1060 1995 sine
1092 1934 1270 1995 dubio
1300 1936 1818 1996 Ratisbonensium
1850 1934 2067 2005 adituS‚
2115 1935 2192 1995 ita
2236 1941 2302 1996 ut
2343 1937 2403 1996 in
2434 1938 2579 1998 actis

335 2023 683 2114 posterioris
690 2043 973 2119 temporis
988 2060 1193 2103 eorum
1224 2041 1583 2102 mentionem
1614 2041 1862 2101 faciendi
1892 2058 2010 2100 non
2040 2042 2118 2101 ita
2149 2058 2325 2118 saepe
2348 2044 2578 2103 occasio

337 2152 695 2206 occurreret.
789 2145 1134 2225 Quicunque
1192 2153 1387 2208 autem
1444 2165 1515 2208 ex
1571 2147 1667 2207 illa
1714 2148 1938 2207 civitate
1981 2147 2281 2208 etiamtum
2310 2146 2580 2208 Venetias

336 2250 890 2331 proficiscebantur,
938 2253 1183 2330 pristina
1224 2270 1329 2313 sua
1372 2253 1716 2314 auctoritate
1757 2255 1875 2313 nixi
1906 2253 2082 2331 primi
2121 2253 2236 2314 loci
2275 2251 2419 2313 illud
2459 2253 2579 2330 pri-

335 2358 639 2436 vilegium,
682 2359 742 2418 in
773 2376 890 2436 quo
921 2358 1078 2419 haud
1110 2357 1285 2419 dubie
1316 2357 1447 2435 plus
1477 2357 1585 2418 fuit
1615 2358 1856 2419 honoris
1892 2379 2067 2439 quam
2091 2357 2415 2427 commodi,
2457 2357 2607 2418 aliis*

338 2465 551 2528 cedere
580 2464 888 2554 nolebant3
934 2472 991 2527 et
1024 2465 1149 2543 ipsa
1183 2465 1380 2526 civitas
1422 2466 1480 2526 in
1532 2466 1741 2528 eodem
1782 2465 2101 2527 obtinendo
2143 2465 2438 2545 quandam
2477 2482 2580 2543 po-

338 2573 455 2633 suit
497 2573 867 2634 simultatem.

509 2679 592 2739 De
648 2680 764 2748 via,
823 2696 1000 2756 quam
1058 2680 1117 2739 in
1174 2679 1285 2739 hac
1342 2686 1675 2740 mercatura
1721 2679 2050 2740 exercenda
2105 2680 2271 2757 sequi
2314 2676 2582 2738 Ratisbo·

340 2804 552 2846 nenses
597 2786 964 2855 consuerint,
1026 2785 1425 2864 conjecturam
1471 2785 1667 2845 facere
1709 2785 1846 2846 licet
1890 2805 1958 2847 ex
2007 2787 2360 2847 documento
2405 2801 2585 2861 supra

342 2889 531 2951 allam.
566 2887 610 2970 2)
700 2890 1034 2980 Danubium
1090 2892 1244 2951 enim
1302 2897 1615 2968 sequentes
1681 2893 1741 2951 in
1788 2911 1857 2953 eo
1904 2893 1974 2953 ad
2033 2892 2354 2952 Pattaviam
2398 2908 2588 2968 usque

342 2996 775 3076 procedebant,
820 2968 957 3057 inde
1001 2996 1307 3057 meridiem
1349 3013 1555 3057 versus
1600 2997 1672 3057 ad
1719 2997 1865 3059 Oeni
1908 2997 2174 3058 fluminis
2227 3016 2466 3059 cursum
2521 3014 2585 3055 se

344 3104 675 3183 dirigebant
729 3111 786 3163 et
841 3119 979 3163 mox
1037 3101 1427 3180 Oenipontem
1483 3104 1734 3164 assecuti
1787 3104 1903 3163 iam
1959 3104 2433 3180 frequentissima
2489 3101 2585 3162 illa

342 3213 431 3272 via
475 3212 819 3279 utebantur,
867 3228 1017 3287 quae
1060 3210 1121 3268 in
1164 3208 1387 3270 Italiam
1432 3210 1568 3270 inde
1615 3207 1998 3270 conducebat.
2089 3207 2156 3268 In
2202 3208 2328 3286 ipsa
2368 3206 2588 3266 Tirolia

341 3318 468 3379 XIV
513 3317 745 3379 saeculo
793 3316 1077 3395 quosdam
1123 3318 1288 3393 quasi
1316 3318 1470 3378 inter
1506 3318 1731 3378 medios
1763 3315 1940 3376 fuisse
1972 3321 2267 3375 mercatus
2296 3315 2589 3374 institutos

342 3425 692 3502 reperimuS,
725 3423 796 3483 ad
830 3440 977 3501 quos
1009 3423 1146 3482 hinc
1177 3440 1249 3482 ex
1264 3422 1595 3493 Germania,
1627 3421 1784 3482 illinc
1817 3440 1886 3481 ex
1905 3422 2067 3482 Italia
2081 3421 2419 3500 frequentes
2433 3437 2588 3479 mer-

344 3538 574 3593 catores
617 3529 966 3599 afl'luebant3
1011 3528 1123 3589 illis
1147 3528 1606 3589 Ratisbonenses
1641 3546 1877 3606 quoque
1913 3528 2198 3589 interesse
2237 3526 2521 3588 solebant.
2539 3522 2583 3605 3)

486 3753 534 3817 1)
560 3754 761 3803 Exstat
800 3751 1187 3802 documentum
1222 3750 1290 3800 de
1328 3752 1541 3801 fontico
1570 3750 1640 3799 ad
1666 3766 1716 3801 a.
1749 3749 1879 3798 1242
1905 3751 2217 3815 pertinens,
2257 3748 2353 3798 ubi
2379 3749 2593 3798 inveni-

345 3849 512 3894 untur
535 3842 704 3891 haec:
732 3841 915 3905 „quod
939 3840 1114 3905 pelles
1139 3841 1297 3890 varie
1326 3843 1383 3889 et
1409 3838 1717 3903 alia—que
1743 3841 2002 3890 venerint
2017 3840 2086 3890 ad
2110 3839 2382 3889 sonticum
2407 3837 2586 3886 Theo-

344 3936 680 3994 tonicorum,
709 3931 1021 3981 vendantur
1046 3930 1116 3980 ad
1141 3927 1481 3980 incantnm“.
1508 3928 1824 3978 Notandum
1851 3933 1963 3991 est,
1991 3928 2186 3994 pelles,
2217 3943 2355 3993 quas
2382 3943 2448 3976 ex
2471 3927 2595 3991 ipsa

346 4023 548 4073 Russia
587 4021 888 4087 petebant,
926 4021 1073 4069 inter
1108 4019 1440 4085 praecipuas
1465 4018 1960 4070 Ratisbonensium
1985 4033 2199 4068 merces
2226 4018 2417 4066 fuisse.
2467 4015 2591 4064 vid.

348 4113 498 4161 Mon
515 4126 543 4159 e
569 4109 895 4160 Zeitschrift
920 4109 1009 4159 fiir
1034 4108 1124 4158 die
1152 4107 1353 4158 Geseh.
1383 4109 1480 4158 des
1507 4109 1847 4159 Oberrheins
1871 4108 1992 4158 Vol.
2021 4108 2086 4157 V.
2119 4105 2401 4170 1854·pag.
2429 4102 2478 4152 6.

484 4195 537 4260 2)
567 4194 928 4244 Gemeiner
951 4195 1240 4260 Ursprung
1263 4195 1313 4244 d.
1342 4193 1420 4243 St.
1449 4194 1586 4259 Reg.
1614 4211 1741 4261 pag.
1769 4193 1852 4244 50.

486 4286 538 4350 3)
563 4287 966 4336 Documentum
1001 4286 1133 4336 anni
1166 4283 1299 4338 1335
1323 4282 1470 4349 apud
1494 4284 1791 4335 Gemeiner
1811 4277 1876 4334 R.
1905 4282 2148 4334 Chronik
2172 4283 2246 4333 11.
2273 4297 2326 4346 p.
2352 4280 2405 4333 7.
