3049 5048
1383 273 1469 334 19·

302 466 456 519 taret
498 458 823 538 obligatum
869 477 940 520 eo
988 459 1147 537 quod
1179 478 1213 519 a
1257 459 1771 520 decessor-cesset
1812 461 2190 540 promissum,
2236 467 2303 521 ut
2346 461 2403 531 ii,
2452 461 2552 538 qui

250 569 265 579 “
304 567 605 645 privilegIa
650 572 1031 643 acceperant,
1091 584 1300 626 secure
1357 566 1440 626 eis
1493 566 1580 625 uti
1622 584 1742 626 non
1797 584 1971 645 posse
2025 565 2136 627 sibi
2188 566 2547 635 viderentur,

302 673 415 730 nisi
459 679 681 733 mutato
726 674 992 752 principe
1037 671 1230 732 denuo
1286 671 1396 732 sibi
1452 672 1697 732 fuissent
1753 672 2109 732 confirmata.
2198 673 2294 734 Uti
2345 679 2551 751 postea

307 776 422 836 dici
466 777 692 838 solebat
720 813 790 823 —-
822 796 1008 839 novus
1052 796 1185 847 rex,
1244 795 1392 837 nova
1436 775 1559 847 lex,
1605 778 1685 837 ita
1730 785 1889 848 tunc,
1935 796 2120 839 novus
2161 797 2287 848 rex,
2333 771 2549 837 novum

301 880 688 962 privilegium.
778 885 983 963 Neque
1028 883 1219 945 solum
1263 889 1485 943 mutato
1530 884 1798 962 principe
1826 883 2127 962 privilegia
2156 884 2548 961 redintegrari

216 987 229 997 ‘
302 987 604 1060 solebant,
653 991 758 1051 sed
803 991 977 1050 etiam
1023 988 1233 1050 eodem
1276 994 1591 1065 regnante,
1645 990 1695 1049 si
1751 1008 1899 1067 quae
1954 990 2106 1051 forte
2161 990 2543 1068 discrepantia

300 1086 649 1172 irrepserat,
710 1115 776 1158 ea
833 1096 1049 1166 sedata,
1111 1113 1260 1155 nova
1317 1096 1777 1173 promissionum
1820 1102 1954 1158 ante
2000 1095 2287 1158 factarum
2331 1095 2543 1156 confir-

300 1202 556 1262 matione
601 1221 750 1280 opus
797 1221 925 1264 esse
967 1202 1318 1282 plerumque
1364 1200 1827 1264 existimabatur.

474 1307 642 1378 Quod
687 1310 736 1369 si
779 1309 958 1388 igitur
1002 1328 1053 1370 a.
1104 1306 1267 1369 1320
1313 1306 1779 1384 Augustensibus
1832 1312 1925 1371 ius
1969 1311 2149 1371 fuisse
2194 1323 2540 1367 concessum

303 1411 634 1500 reperimus
681 1432 815 1475 cum
858 1415 1254 1476 mercimoniis
1299 1415 1418 1474 suis
1461 1432 1571 1493 per
1614 1414 1896 1476 Tiroliam
1940 1413 2257 1494 migrandi,
2302 1413 2541 1491 minime

305 1517 566 1593 gentium
610 1518 746 1580 hinc
792 1521 1145 1582 concludere
1188 1521 1353 1591 licet,
1402 1528 1572 1582 antea
1614 1520 1969 1582 illam-viam
2002 1523 2085 1582 eis
2113 1539 2234 1581 non
2263 1521 2538 1599 patuisse.

304 1621 737 1685 Documentum
791 1634 986 1688 autem
1041 1647 1076 1688 a
1131 1628 1416 1688 Stettenio
1459 1627 1498 1687 l.
1546 1627 1583 1687 1.
1632 1634 2025 1688 memoratum
2071 1627 2292 1687 editum
2337 1632 2425 1685 est
2468 1625 2541 1685 ab

302 1727 663 1798 „Adelheida
718 1733 1034 1794 Bohemiae
1089 1735 1309 1812 regina,
1368 1733 1622 1795 Tiroliae
1678 1735 2043 1804 comitissa“;
2101 1751 2252 1794 uxor
2309 1751 2376 1793 ea
2433 1733 2543 1792 fuit

300 1834 538 1896 Henrici
582 1837 628 1895 V
674 1837 1003 1900 Carinthiae
1034 1840 1216 1910 duciS‚
1262 1840 1516 1901 Tiroliae
1548 1841 1792 1909 comitiS,
1841 1858 1990 1918 quae
2021 1840 2093 1900 ad
2124 1840 2317 1900 mariti
2345 1839 2538 1900 vicum

302 1940 423 2019 (qui
465 1944 626 2027 vivssus
671 1945 863 2006 adhuc
909 1952 1076 2015 erat;
1126 1944 1269 2005 obiit
1313 1946 1469 2006 enim
1513 1964 1564 2005 a.
1619 1945 1801 2027 1335)
1848 1949 1974 2008 s1ne
2020 1947 2201 2008 dubio
2247 1947 2362 2006 hoc
2420 1946 2540 2022 pri-

301 2047 572 2126 vilegium
618 2051 812 2112 edidit.
834 2049 876 2133 1)
956 2052 1191 2113 Minime
1233 2059 1431 2113 tamen
1460 2053 1597 2114 inde
1626 2054 1910 2131 sequitur,
1957 2053 2356 2131 Augustenses
2386 2071 2541 2112 mer-

303 2161 531 2217 catores
574 2163 744 2218 antea
789 2157 862 2218 ab
907 2159 1019 2219 hac
1062 2167 1221 2220 terra
1267 2161 1444 2221 fuisse
1477 2160 1777 2227 exclusos;
1823 2159 1942 2218 imo
1972 2158 2088 2220 iam
2120 2165 2253 2220 ante
2284 2177 2333 2218 a.
2373 2156 2538 2218 1308

301 2267 359 2321 et
403 2261 652 2322 Venetos
698 2270 755 2323 et
798 2263 1195 2343 Augustenses
1239 2266 1353 2326 hoc
1395 2267 1603 2327 itinere
1648 2266 1998 2326 mercatorio
2042 2284 2182 2326 usos
2237 2265 2416 2326 fuisse
2472 2280 2542 2323 ex

301 2367 653 2429 documento
710 2372 1000 2448 superiori
1055 2372 1429 2432 manifestum
1486 2377 1591 2432 est.
1681 2372 1769 2433 Ad
1822 2372 2074 2433 Venetos
2131 2377 2326 2432 autem
2384 2367 2541 2446 quod

298 2476 582 2553 pertinet,
650 2468 954 2555 epistolam
1010 2478 1220 2539 afferre
1275 2477 1458 2547 iuvat,
1530 2495 1706 2556 quam
1748 2479 1955 2541 eodem
1992 2477 2085 2539 die
2142 2494 2192 2536 a.
2249 2472 2411 2536 1308
2469 2472 2540 2533 ad

300 2579 575 2642 Ottonem
619 2581 947 2644 Carinthiae
992 2583 1204 2644 ducem
1248 2590 1485 2644 senatus
1530 2586 1765 2663 scripsit
1807 2586 2126 2663 petituruS‚
2183 2582 2266 2643 uti
2312 2596 2543 2641 merces

300 2687 373 2748 ab
419 2687 885 2766 Augustensibus
937 2690 1235 2751 restitutas
1290 2709 1498 2751 secure
1554 2708 1664 2769 per
1716 2697 1938 2751 terram
1995 2708 2194 2759 suam,
2252 2687 2374 2748 scil.
2431 2704 2540 2765 per

298 2794 577 2854 Tiroliam
620 2797 845 2874 portari
890 2796 1056 2856 sinat.
1071 2795 1116 2874 2)
1398 2787 1401 2790 ‘

758 2965 761 2968 ,
1082 2900 1229 2961 Duci
1274 2900 1390 2962 Ott.
1437 2902 1759 2963 Karinthie.

553 3007 760 3069 Vestre
792 3005 1129 3067 Celsitudini
1160 3007 1534 3078 denotamuS,
1584 3008 1740 3087 quod
1786 3006 2067 3068 Consules
2099 3013 2157 3067 et
2183 3006 2540 3067 Universitas

388 3116 599 3176 civium
643 3113 717 3173 de
761 3112 1020 3192 Augusta
1063 3131 1171 3190 per
1215 3131 1351 3173 suas
1393 3112 1618 3173 litteras
1661 3114 1970 3174 insinuavit
2013 3114 2183 3175 nobis
2220 3145 2540 3159 ------

316 3251 321 3254 -
386 3222 521 3299 (iam
565 3225 880 3281 narrantur
925 3236 1022 3278 res
1067 3237 1200 3286 cum
1246 3218 1715 3297 Augustensibus
1743 3228 1905 3280 actae
1938 3220 2156 3281 eisdem
2194 3220 2317 3281 fere
2346 3219 2542 3279 verbis

383 3332 450 3387 ut
492 3327 689 3406 supra)
737 3325 857 3386 Nos
900 3326 1095 3402 itaque
1138 3324 1274 3384 visis
1304 3342 1509 3385 eorum
1540 3323 1747 3386 litteris
1776 3325 2055 3403 predictis
2089 3326 2537 3402 acceptavimuS‚

384 3433 536 3493 sicut
579 3432 851 3510 superius
897 3431 1247 3501 continetur,
1303 3449 1412 3509 per
1465 3430 1769 3509 publicum
1825 3432 2281 3491 instrumentum
2298 3477 2312 3500 ,
2370 3430 2538 3489 resti-

438 3669 486 3736 l)
511 3671 787 3721 Hem-icus
821 3669 872 3719 V
905 3668 1231 3719 Carinthiae
1277 3667 1385 3717 dux
1430 3671 1519 3717 ete
1569 3683 1711 3718 anno
1748 3666 1881 3719 1306
1912 3668 2215 3718 Bohemiae
2254 3682 2531 3731 coronam,

300 3771 442 3820 quae
478 3761 609 3805 tunc
643 3759 916 3822 vacabat,
954 3760 1145 3824 petiit,
1184 3758 1416 3822 primum
1454 3761 1650 3807 contra
1684 3758 1980 3808 Rudolfum
2004 3747 2386 3819 Austriacum‚
2426 3761 2541 3805 tum

301 3851 493 3896 eontra
516 3845 822 3897 Iohannem
845 3848 1388 3913 Luxenburgensem‚
1415 3846 1650 3897 Henrici
1668 3847 1775 3898 VII
1799 3847 2157 3911 Imperatoris
2182 3845 2370 3895 filium.
2408 3846 2545 3896 Post

299 3934 469 3985 breve
496 3951 725 4001 regnum
753 3936 1010 4002 expulsus
1035 3938 1255 3987 titulum
1282 3942 1470 3987 tamen
1496 3938 1711 4003 regium
1744 3936 2048 3985 Bohemiae
2085 3949 2255 3999 usque
2293 3933 2364 3984 ad
2386 3935 2540 3984 vitae

308 4024 468 4073 finem
496 4026 742 4075 retinuit.
770 4027 916 4075 Hine
943 4024 1020 4088 fit,
1048 4031 1110 4075 ut
1132 4042 1268 4076 uxor
1290 4026 1593 4081 Bohemiae
1620 4040 1680 4074 se
1707 4025 1956 4090 reginam
1977 4024 2239 4073 nominet.

325 4163 332 4168 .
435 4113 495 4177 2)
515 4114 648 4165 Otto
685 4114 1010 4165 carinthiae
1045 4114 1153 4164 dux
1182 4120 1289 4165 ete.
1319 4115 1481 4165 simul
1507 4131 1630 4165 cum
1654 4115 1827 4174 fratre
1853 4114 2098 4163 Henrieo
2127 4114 2271 4170 erat,
2302 4108 2393 4173 qui
2428 4112 2542 4155 tum

302 4207 361 4253 in
388 4204 655 4254 Bohemia
682 4205 943 4270 degebat.
971 4204 1096 4254 Vid.
1126 4205 1193 4254 de
1219 4208 1452 4268 utroque
1486 4202 1819 4253 Frohlich
1855 4201 2149 4266 Specimen
2182 4197 2544 4248 Archontolo-

302 4296 432 4362 giae
459 4295 783 4346 Corinthiae
809 4310 938 4360 pag.
964 4293 1030 4344 91
1057 4309 1172 4359 seq.
1203 4298 1260 4345 et
1284 4292 1458 4345 tabul.
1487 4290 1708 4358 geneal.
1736 4289 1830 4339 VI.

2050 4372 2138 4434 2*
