3049 5048
1415 221 1496 282 49

324 421 694 484 vicedomino
750 419 1134 496 apparerent,
1203 408 1457 484 datoque
1518 398 1901 464 iureiurando
1971 395 2259 475 pretium,
2315 396 2402 491 ‘de
2468 415 2589 476 quo

329 529 756 592 convenerant,
823 523 886 582 in
943 516 1174 580 tabulas
1227 514 1606 592 magistratus
1662 506 1976 567 referrent.
2065 501 2280 563 lisdem
2336 503 2592 564 missetis

326 633 678 712 plerumque
709 629 961 692 Senatus
1002 624 1090 685 uti
1133 618 1392 688 solebat,
1437 614 1543 676 uhi
1584 611 1659 673 de
1702 609 1888 673 rebus
1917 609 2287 669 mercatoriis
2318 608 2393 669 ad
2423 610 2586 687 prin-

329 742 490 820 cipes
531 736 624 797 vel
668 735 927 795 civitates
972 736 1202 791 exteras
1246 725 1438 804 legato
1476 717 1771 782 mittendo
1818 732 1971 794 opus
2017 718 2160 774 erat.

497 843 623 905 Iam
664 841 802 902 inde
846 857 880 900 a
924 837 1116 916 prima
1160 830 1363 892 fontici
1406 824 1773 887 institutione
1817 822 1950 902 lege
1994 825 2233 884 cautum
2277 819 2457 881 fuisse
2499 822 2584 881 vi·

333 954 536 1022 detur,
581 968 660 1010 ne
700 952 1064 1010 mercatores
1104 937 1289 1002 exteri
1318 935 1605 996 sonticum
1635 930 2070 991 Germanorum
2100 924 2332 987 adirent
2361 932 2419 986 et
2450 945 2586 987 cum

334 1053 448 1116 illis
490 1051 964 1131 negotiarentur;
1030 1063 1099 1108 ea
1143 1043 1301 1104 enim
1342 1041 1520 1103 huius
1573 1035 1824 1098 instituti
1878 1050 2048 1095 mens
2107 1038 2269 1103 erat,
2330 1038 2397 1093 ut
2453 1032 2594 1095 solis

337 1159 573 1221 Venetis
616 1157 792 1218 huius
835 1157 1205 1217 mercaturae
1247 1148 1478 1212 fructus
1538 1144 1978 1220 contingerent,
2039 1138 2225 1200 exteri
2285 1145 2482 1200 autem
2540 1142 2632 1200 et‘

338 1267 463 1344 ipsi,
495 1265 856 1325 Venetorum
898 1259 1118 1323 subditi
1161 1270 1392 1317 merces
1435 1268 1558 1311 non
1599 1248 1715 1310 nisi
1758 1246 2121 1325 interpositis
2166 1244 2600 1306 mercatoribus

341 1372 577 1434 Venetis
620 1368 843 1431 habere
886 1366 1130 1444 possint.
1221 1360 1535 1421 Summum
1578 1355 1841 1417 studium
1894 1352 1955 1412 in
2000 1369 2071 1413 eo
2127 1357 2283 1421 erat,
2341 1357 2408 1412 ut
2448 1351 2599 1412 indi-

347 1495 532 1557 genae
588 1481 981 1542 mercatores,
1042 1470 1106 1530 in
1163 1466 1378 1547 quibus
1434 1480 1578 1525 sane
1635 1461 1827 1521 omnis
1882 1455 2246 1537 reipublicae
2300 1458 2387 1518 vis
2454 1465 2599 1529 erat,

349 1584 559 1644 divitiis
604 1599 782 1660 quam
825 1578 1081 1639 maxime
1124 1581 1502 1654 augerentur.
1594 1569 1721 1632 Alia
1766 1569 1862 1630 lex
1906 1563 2281 1645 prohibebat,
2327 1582 2405 1624 ne
2447 1582 2603 1626 mer-

353 1694 585 1751 catores
641 1683 919 1747 Germani
968 1698 1226 1760 pannoS,
1299 1679 1687 1758 praecipuum
1755 1670 2184 1752 importationis
2248 1688 2464 1749 genuS‚
2532 1671 2608 1733 ad

352 1793 555 1855 ulnam
599 1790 952 1858 venderent;
1007 1787 1271 1864 integros
1316 1773 1418 1847 eos
1461 1783 1722 1845 Venetis
1745 1781 2004 1843 vendere
2048 1779 2236 1839 coacti
2280 1783 2473 1847 erant;
2540 1796 2610 1839 ea

358 1898 584 1960 scilicet
625 1903 852 1964 mente,
897 1899 966 1954 ut
1009 1891 1261 1953 venditio
1305 1891 1550 1959 minuta,
1598 1907 1750 1968 quae
1781 1888 1855 1948 ad
1883 1885 2085 1955 ulnam
2113 1885 2197 1953 fit,
2243 1902 2363 1944 non
2394 1884 2613 1945 exteris

355 2004 469 2065 illis
484 2051 500 2073 ,
546 2001 652 2063 sed
695 1999 952 2079 propriis
997 1992 1221 2059 civibus
1249 1996 1487 2058 Venetis
1530 1995 1765 2057 lucrum
1806 1992 2107 2072 praebeat.
2190 1989 2422 2052 Similes
2449 1988 2613 2069 leges

360 2110 435 2170 de
478 2107 604 2169 aliis
648 2122 886 2184 quoque
928 2102 1226 2164 mercibus
1268 2102 1550 2172 valuisse,
1596 2101 1852 2163 maxime
1894 2096 2203 2177 probabile
2248 2104 2352 2156 est.

535 2211 653 2278 Sed
697 2211 846 2272 haec
887 2208 1127 2289 quidem
1171 2208 1246 2270 de
1291 2209 1512 2271 sontico
1559 2210 1802 2287 eiusque
1846 2202 2341 2273 institutionibus;
2388 2200 2615 2280 singula

368 2319 554 2381 multa
597 2335 739 2380 sane
783 2314 920 2377 addi
964 2315 1128 2376 hisce
1170 2319 1443 2401 possent,
1502 2315 1609 2376 sed
1666 2315 1822 2375 dicta
1865 2312 2165 2373 sufficiunt
2208 2298 2282 2369 ad
2327 2306 2616 2388 generali-

366 2434 466 2487 tur
512 2424 1020 2504 cognoscendum,
1081 2441 1196 2508 qua
1253 2421 1589 2484 conditione
1631 2418 1889 2485 Venetiis
1932 2421 2296 2480 mercatores
2340 2411 2620 2473 Germani

370 2534 626 2595 *vixerint
670 2539 728 2594 et
770 2532 1050 2611 negotiati
1093 2528 1292 2612 sint1).

540 2638 747 2718 Neque
788 2646 988 2700 tamen
1030 2656 1128 2699 me
1158 2638 1333 2716 fugit,
1380 2635 1538 2698 aliud
1569 2635 1763 2698 adhuc
1808 2648 2150 2711 superesse,
2198 2645 2317 2706 quo
2347 2627 2474 2686 sine
2516 2643 2621 2703 pe-

376 2748 534 2807 nitus
608 2763 730 2805 non
800 2745 986 2822 possit
1058 2743 1398 2806 commercii
1453 2735 2066 2803 Germanico-Veneti
2122 2734 2272 2794 ratio
2326 2734 2621 2811 pernosci.

375 2852 643 2913 Primum
690 2850 849 2914 enim
892 2850 1017 2911 fere
1060 2849 1208 2911 nihil
1250 2849 1443 2911 adhuc
1487 2868 1521 2910 a
1549 2846 1737 2912 ‚nobis
1779 2845 2002 2906 dictum
2032 2846 2121 2902 est
2164 2842 2237 2905 de
2279 2844 2423 2922 ipsis
2467 2861 2624 2905 mer·

382 2957 576 3028 cihuS,
608 2958 671 3017 in
694 2955 910 3036 quibus
941 2955 1206 3017 emendis
1234 2974 1305 3017 ac
1333 2954 1655 3018 vendendis
1682 2951 1781 3013 illa
1809 2948 2172 3011 versabatur.
2241 2950 2468 3011 Summi
2497 2967 2626 3011 mo·

312 3111 323 3120 .
379 3064 562 3126 menti
606 3069 802 3124 autem
845 3063 962 3125 hoc
991 3064 1119 3124 sine
1162 3062 1344 3124 dubio
1386 3058 1816 3123 aestimandum
1862 3062 1980 3125 est,
2028 3054 2305 3132 quoniam
2333 3055 2472 3115 hinc
2502 3056 2629 3115 fere

382 3171 443 3232 id
488 3169 898 3249 cognoscitur,
947 3168 1107 3247 quod
1150 3167 1309 3230 velut
1339 3168 1639 3229 obiectum
1666 3165 1976 3225 universae
2006 3159 2459 3222 considerationi
2489 3160 2630 3221 sub·

385 3284 635 3339 stratum
691 3283 796 3338 est.
900 3277 1072 3348 Quod
1132 3280 1182 3340 si
1239 3287 1436 3339 tamen
1480 3271 1736 3335 abstinui
1779 3268 1853 3331 ab
1896 3269 2009 3330 hac
2052 3284 2121 3328 re
2165 3264 2416 3344 amplius
2461 3281 2631 3326 enar-

386 3384 599 3453 randa,
645 3384 935 3462 propositi
977 3385 1095 3445 mei
1123 3392 1334 3447 natura
1377 3384 1493 3444 hoc
1534 3377 1780 3459 probari
1822 3375 1966 3437 mihi
2007 3373 2267 3442 videtur,
2315 3370 2474 3450 quod
2499 3359 2634 3449 =qui·

390 3489 526 3551 dem
581 3491 643 3550 in
699 3510 769 3553 eo
826 3492 1175 3570 praesertim
1232 3488 1644 3553 collocandum
1696 3484 1865 3554 duxi,
1922 3488 1988 3544 ut
2046 3481 2221 3542 huius
2264 3484 2637 3540 mercaturae

401 3594 695 3675 generalia
740 3597 1027 3674 quaedam
1072 3596 1425 3658 lineamenta
1469 3596 1822 3672 appareant,
1882 3592 2314 3666 cognoscantur
2358 3583 2635 3662 origines,

392 3704 588 3763 variae
637 3721 756 3783 quo
801 3721 867 3764 se
911 3703 1172 3765 extendit
1215 3702 1603 3769 directioneS,
1666 3697 1944 3759 circuitus
2001 3712 2178 3773 quem
2222 3689 2641 3769 progrediente

395 3816 666 3887 tempore
694 3817 866 3871 nacta
896 3818 1013 3879 est,
1062 3809 1428 3870 conditiones
1457 3804 1714 3884 denique
1744 3801 1855 3864 sub
1888 3800 2101 3881 quibus
2129 3797 2379 3878 vigebat.
2469 3796 2641 3858 Aliud

542 4048 592 4111 1)
650 4047 902 4099 Notitiae
958 4047 1106 4096 istae
1160 4044 1231 4096 de
1286 4044 1487 4096 fontici
1542 4041 1762 4108 legibus
1810 4044 1919 4091 etc.
1968 4036 2265 4088 maximam
2299 4039 2517 4101 partem
2551 4032 2645 4083 de-

405 4143 693 4205 promptae
728 4140 856 4187 sunt
892 4152 960 4187 ex
993 4150 1196 4201 magno
1243 4134 1717 4185 vicedominorum
1760 4134 1972 4182 statuto
2019 4132 2077 4178 et
2122 4142 2190 4177 ex
2236 4124 2469 4187 reliquis
2504 4121 2648 4172 actis

411 4226 559 4294 apud
594 4228 789 4278 Mone
824 4225 861 4275 1.
898 4225 935 4275 1.
973 4241 1101 4291 pag.
1139 4221 1347 4275 6—34.

2308 4300 2346 4358 4
