3049 5048
1479 233 1560 293 25

410 419 716 498 inquirant
760 425 817 478 et
860 420 1206 479 sententiam
1252 419 1326 479 de
1351 419 1645 479 ‘remediis
1675 419 2021 479 adhibendis
2049 427 2399 496 proponant.
2476 420 2644 480 Anno

396 530 548 602 post
592 523 1175 600 Norimbergensium
1220 523 1443 603 legatos
1488 525 1643 602 apud
1689 525 1941 585 Venetos
1985 527 2204 585 versari
2257 525 2520 586 videmus
2572 525 2664 598 (13,

409 630 501 689 his
556 630 736 690 rebus
797 636 1143 699 tractanteS,
1194 632 1293 708 qui
1337 631 1481 692 nihil
1541 632 1862 709 profecisse
1949 629 2239 690 videntur.
2329 631 2465 700 Iam
2507 649 2646 690 vero

410 735 734 795 notandum
781 740 868 793 est
910 735 1026 795 hoc
1068 733 1229 804 loco,
1286 738 1436 798 viam
1479 736 2041 814 Norimbergensem
2098 737 2297 814 magni
2350 736 2462 795 illis
2517 754 2644 795 mo-

405 841 587 900 menti
632 841 810 900 fuisse
855 858 974 900 non
1019 839 1209 901 solum
1252 850 1498 921 propter
1545 843 1991 910 commercium,
2038 842 2195 920 quod
2224 843 2334 927 ipsi
2367 860 2501 902 cum
2531 843 2643 902 hac

414 949 641 1008 civitate
684 945 1012 1016 habebant,
1060 946 1163 1006 sed
1211 948 1384 1009 etiam
1429 950 1565 1027 quia
1607 951 1668 1010 in
1715 967 1781 1010 ea
1825 954 2141 1027 pergentes
2183 946 2256 1006 ad
2300 946 2490 1007 Rheni
2547 965 2642 1007 re-

406 1055 610 1132 giones
654 1059 712 1114 et
767 1052 905 1113 inde
951 1052 1011 1111 in
1066 1049 1396 1112 Flandriam
1449 1055 1774 1130 procedere
1829 1059 2277 1121 consueverant,
2334 1070 2469 1111 cum
2528 1069 2641 1130 qua

404 1167 530 1220 tum
588 1160 703 1218 iam
760 1157 1239 1218 florentissimum
1284 1158 1500 1218 exstitit
1544 1165 1603 1219 et
1644 1163 1999 1223 maritimum
2045 1168 2104 1222 et
2145 1165 2427 1219 terrestre
2483 1176 2641 1219 com-

406 1265 710 1326 mercium.
741 1261 783 1344 ¹)

477 1402 480 1404 v
573 1371 695 1433 Iam
740 1388 922 1451 quum
967 1369 1040 1430 ab
1084 1369 1195 1430 hac
1222 1370 1311 1430 via
1341 1371 1531 1432 turbis
1561 1371 1672 1432 illis
1702 1373 2065 1435 Germanicis
2094 1373 2639 1453 praecluderentur,

403 1479 593 1550 aliam,
641 1480 781 1540 dum
823 1475 957 1551 illae
1002 1483 1198 1537 essent
1239 1476 1465 1546 finitae,
1510 1477 1662 1538 inire
1708 1481 1893 1540 coacti
1924 1486 2120 1548 erant;
2165 1480 2361 1559 itaque
2399 1482 2536 1544 inde
2565 1485 2639 1545 ab
2743 1524 2744 1527 =

400 1586 515 1647 illis
559 1583 942 1648 seditionibus
986 1602 1174 1662 usque
1217 1583 1290 1642 ad
1335 1600 1385 1643 a.
1439 1583 1589 1644 1351
1632 1593 1993 1646 mercatores
2023 1586 2274 1648 Venetos
2304 1589 2639 1652 Flandriam

403 1699 668 1772 petentes
720 1711 827 1772 per
886 1689 1206 1751 Helvetiam
1260 1689 1373 1748 iter
1430 1691 1655 1768 cepisse
1709 1692 2065 1761 invenimus;
2133 1693 2270 1755 inde
2325 1714 2357 1755 a
2413 1695 2638 1758 Basilea

400 1797 557 1856 haud
602 1796 778 1857 dubie
821 1796 1095 1856 Rhenum
1139 1794 1539 1873 sequebantur
1596 1802 1655 1856 et
1713 1796 1789 1855 ita
1842 1797 1903 1855 111
1949 1796 2287 1859 Flandriam
2329 1805 2635 1878 provenie-

399 1902 557 1962 bant.
589 1901 634 1981 2)
682 1903 797 1963 Sed
842 1921 1051 1982 parum
1098 1919 1198 1963 eos
1243 1907 1462 1961 mutata
1505 1901 1594 1961 via
1639 1901 1866 1963 invasse
1909 1903 2167 1974 videtur,
2227 1907 2444 1986 quippe
2502 1911 2634 1988 quia

401 2016 770 2088 „propter
826 2009 1383 2071 multitudinem
1441 2012 1517 2066 et
1586 2005 2102 2070 diversitatem
2159 2010 2637 2077 dominorum

403 2116 527 2194 qui
588 2122 759 2176 sunt
811 2134 1038 2194 super
1092 2117 1332 2193 ipsum
1388 2115 1813 2176 caminum“
1859 2113 2197 2193 frequentes
2241 2128 2637 2183 mercatorum

400 2221 759 2299 direptiones
803 2241 834 2282 a
879 2222 1196 2285 notissimis
1239 2220 1350 2281 illis
1395 2220 1718 2299 equitibus,
1763 2221 1864 2298 qui
1907 2238 2015 2299 per
2058 2228 2248 2282 totum
2278 2240 2483 2296 aevum
2513 2247 2638 2294 me-

330 2384 333 2387 ,
401 2326 563 2395 dium
605 2326 797 2388 Rheni
840 2327 998 2405 ripas
1029 2326 1360 2415 ‘latrociniis
1404 2326 1727 2405 agitabant,
1776 2327 2217 2388 exercebantur.
2265 2329 2401 2391 Fuit
2441 2339 2499 2393 et
2527 2334 2635 2395 alia

398 2449 539 2492 sane
583 2432 775 2494 31111110
818 2434 906 2492 via
923 2450 941 2503 ,¹
986 2451 1100 2511 qua
1146 2433 1355 2493 eodem
1398 2449 1650 2511 pergere
1693 2433 2049 2509 potuissent,
2103 2440 2178 2493 ’33
2223 2434 2444 2497 scilicet
2486 2457 2637 2516 quae

397 2556 505 2616 per
563 2539 918 2602 Sabaudiam
981 2548 1039 2601 et
1090 2540 1399 2600 Franciam
1457 2540 1853 2609 conducebat;
1911 2540 2015 2600 sed
2070 2557 2146 2601 ne
2203 2540 2355 2603 hanc
2400 2546 2635 2623 quidem

399 2646 550 2706 inire
584 2664 758 2723 posse
788 2648 898 2708 sibi
942 2646 1290 2708 videbantur
1335 2648 1651 2725 „absque
1695 2625 2004 2706 maximo
2049 2646 2387 2723 periculo
2433 2659 2503 2712 et
2545 2654 2636 2712 si-

397 2752 637 2812 nistro
691 2759 834 2813 tam
888 2771 1023 2831 per
1082 2753 1447 2814 dominum
1505 2768 1755 2830 regem
1814 2750 2156 2821 Francie,
2233 2772 2442 2831 quam
2497 2776 2634 2835 per

395 2856 569 2917 dom.
633 2858 977 2920 comitem
1034 2859 1473 2920 Sabaudie“.
1551 2857 1753 2936 Itaque
1806 2854 1906 2915 illo
1951 2873 2105 2914 anno
2152 2856 2345 2919 (1311110
2392 2879 2633 2939 operam

351 2951 597 3023 ‘Veneti
669 2964 960 3025 dederunt
1025 2965 1085 3025 in
1153 2964 1320 3025 solita
1383 2965 1474 3025 via
1529 2962 2010 3040 Norimhergensi
2078 2963 2446 3040 pactionibus
2499 2987 2633 3028 cum

392 3075 688 3131 terrarum
733 3070 1123 3133 adiacentium
1166 3071 1533 3150 principibus
1578 3069 1868 3131 conclusis
1898 3068 2275 3129 restituenda.
2322 3070 2633 3134 Internun-

393 3177 539 3236 tium
583 3176 872 3237 miserunt
915 3178 985 3237 ad
1033 3177 1436 3239 marchionem
1490 3175 2157 3253 Brandenburgensem,
2220 3176 2325 3252 qui
2380 3175 2632 3238 Tiroliae

533 3530 581 3595 1)
606 3532 849 3582 Primum
875 3550 925 3584 a.
965 3532 1096 3585 1318
1127 3534 1466 3585 Venetorum
1490 3548 1665 3584 naves
1695 3530 1979 3585 mercibus
2016 3531 2248 3580 onustae
2292 3529 2633 3598 Antverpiae

392 3627 608 3686 portum
651 3622 952 3673 incurrisse
1001 3624 1269 3673 feruntur.
1333 3622 1823 3675 Guicciardini
1857 3621 2054 3671 Totius
2089 3618 2276 3684 Belgii
2310 3619 2630 3685 descriptio.

390 3712 494 3761 Ed.
526 3708 819 3762 1652120.
847 3729 975 3779 pag.
1002 3712 1515 3771 232.Sedconferas
1543 3711 1919 3776 Gottinger
1944 3708 2083 3759 Gel.
2110 3708 2453 3774 Anzeiger
2481 3708 2627 3759 1857.

394 3800 570 3852 Stiick
598 3800 696 3851 184
720 3817 833 3868 seq.
2078 3846 2084 3851 .

524 3891 577 3955 2)
605 3887 1154 3942 Senatuseonsilltum
1180 3908 1267 3957 ap.
1294 3891 1488 3942 Mone
1513 3890 1552 3941 l.
1580 3889 1616 3940 1.
1644 3905 1771 3956 pag.
1798 3886 1881 3950 20,
1912 3887 1962 3937 d.
1994 3886 2043 3936 d.
2077 3886 2153 3936 ll.
2183 3888 2409 3939 Octobr.
2469 3887 2625 3940 13512

393 3980 548 4030 Cum
582 3995 702 4045 per
735 3997 1024 4046 presens
1052 3981 1385 4031 caminum
1418 3981 1652 4041 Baelo,
1694 3978 1880 4043 quod‘
1901 3976 2394 4040 frequentatur
2426 3978 2630 4028 hodie

394 4073 508 4131 310,
536 4069 680 4119 1111113
705 4069 851 4121 hanc
876 4071 1028 4121 viam
1053 4070 1382 4120 inusitatam
1411 4069 1492 4118 eis
1519 4067 1694 4117 fuisse
1724 4068 1863 4127 satis
1891 4067 2103 4127 elucet3
2133 4068 2189 4115 et
2212 4078 2362 4113 mox:
2412 4079 2630 4127 neque

394 4156 583 4207 aliud
619 4160 948 4209 caminum
981 4158 1227 4209 haberi
1262 4158 1486 4224 possit
1521 4156 1602 4208 ad
1634 4171 1949 4223 presenS,
1990 4154 2149 4219 quia
2184 4152 2515 4201 caminum
2551 4153 2628 4203 de

389 4246 838 4316 Norimbergo
861 4262 990 4301 non
1018 4251 1124 4300 est
1148 4247 1216 4298 in
1243 4247 1536 4299 aconcio
1559 4245 1634 4309 (h.
1664 4245 1800 4299 3.111
1825 4245 2041 4307 ordine,
2072 4240 2367 4303 securum)-
